2668 3994
535 154 567 206 X.
587 157 797 210 ΕΤΡΙΠΙΔΗΣ.

246 322 373 400 θεῖναι,
396 319 489 399 μόλις
512 319 627 403 γεραιά
649 328 802 386 κινοῦσαι
825 315 920 405 μέλη,
1137 341 1170 390 10

246 421 464 507 πρεσβεύματ’
492 424 533 489 ού
556 428 731 511 Δήμητρος
754 427 801 504 είς
822 432 1000 514 μυστήρια,

247 528 316 594 ἀλλ’
344 531 388 606 ώς
410 532 550 615 νεκροὺς
570 532 744 616 θάψωσιν,
767 533 807 610 ἃς
828 534 930 611 αὐτάς
952 533 1052 621 ἐχρῆν

246 639 367 702 κείνων
388 638 546 721 ταφείσας
567 637 682 724 χερσὶν
704 640 836 725 ὡραίων
857 652 978 726 τυχεῖν.

159 769 160 774 ’
246 741 315 828 τάχ’
344 739 406 810 οὖν
429 742 472 808 δν
494 745 611 820 εἴποις
635 748 807 811 Πελοπίαν
829 745 943 833 παρείς
965 751 1074 833 χθόνα

245 862 314 926 πῶς
336 861 408 928 ταῖς
425 849 583 936 Ἀθήναις
604 853 702 917 τόνδε
724 854 941 938 προστάσσεις
962 857 1081 936 πόνους
1135 872 1168 921 15

244 955 310 1040 ἐγώ
333 958 460 1035 δίκαιός
481 957 544 1040 εἰμ’
571 957 773 1043 ἀφηγεῖσθαι
796 960 882 1026 τάδε.

245 1065 383 1149 Σπάρτη
406 1061 468 1146 μὲν
490 1065 560 1150 ώμή
583 1063 639 1130 καὶ
661 1069 867 1132 πεποίκιλται
889 1070 1045 1153 τρόπους,

245 1172 284 1235 τὰ
308 1168 338 1235 δ’
365 1172 448 1236 άλλα
470 1174 570 1257 μικρδι
593 1172 754 1256 κάσθενῆ·
776 1176 871 1251 πόλις
894 1170 931 1240 δέ
954 1177 995 1259 σή

176 1313 178 1319 v
225 1280 328 1362 ’μόνη
353 1277 479 1343 δύναιτ’
507 1277 549 1343 άν
572 1278 660 1344 τόνδ’
688 1279 872 1364 ὑποστῆναι
894 1283 1012 1347 πόνον·

244 1386 285 1449 τά
307 1382 335 1448 τ’
363 1385 477 1470 οἰκτρά
500 1387 563 1471 γάρ
587 1383 723 1471 δέδορκε
744 1385 800 1451 καλ
823 1389 960 1453 νεανίαν
1133 1405 1167 1454 κο

245 1493 311 1575 ἔχει
335 1475 374 1556 σὲ·
394 1489 523 1573 ποιμέν’
551 1490 688 1557 ἐσθλόν·
713 1486 754 1558 οὗ
777 1496 870 1579 χρείηι
891 1496 1003 1571 πόλεις

244 1595 363 1664 πολλαὶ
387 1596 537 1663 διώλοντ’
565 1597 688 1676 ἐνδεεῖς
710 1601 947 1685 στρατηλάτου.

586 1703 740 1770 ΧΟΡΟΣ.

244 1809 333 1893 κάγὼ
356 1811 415 1875 τὸν
438 1797 646 1899 αῦτὸντῷδέ
667 1830 720 1878 σοι
744 1815 845 1895 λόγον
867 1812 966 1898 λέγω,

191 1989 198 2000 ἵ,
247 1921 372 2001 Θησεῦ,
396 1919 429 1982 δί
453 1919 565 1983 οἴκτου
589 1921 646 1995 τὰς
669 1916 747 2000 ἐμδις
770 1923 884 2003 λαβεῖν
907 1921 1015 2005 τύχας.

184 2005 211 2014 ”
300 2023 302 2028 ’
402 2081 403 2084 ¹
568 2023 759 2090 οΗεεεΣ.

243 2131 372 2195 άλλοισι
397 2131 437 2214 δή
456 2128 585 2216 ’πόνησ’
613 2130 806 2215 ἁμιλληθεὶς
829 2135 915 2220 λόγῳ
1130 2147 1164 2198 25

191 2293 193 2297 .
244 2233 365 2324 τοιῷδ’.
397 2236 483 2315 ἔλεξε
507 2237 569 2323 γάρ
592 2261 642 2313 τις
665 2238 709 2314 ὡς
731 2240 770 2302 τά
794 2241 927 2324 χείρονα

242 2346 343 2408 πλείω
366 2347 537 2429 βροτοῖσίν
560 2342 629 2409 ἐστι
651 2357 719 2410 τῶν
741 2344 939 2430 ἀμεινόνων,

218 2443 220 2454 ’
243 2449 307 2533 ἐγώ
331 2447 368 2515 δέ
391 2455 522 2528 τούτοις
545 2452 662 2517 ἀντίαν
684 2454 820 2536 γνώμην
843 2456 918 2538 ἔχω·

243 2559 325 2622 αίνῶ
349 2555 379 2621 δ’
407 2556 443 2634 ὃς
464 2559 544 2642 ἡμῖν
566 2561 680 2643 βίοτον
703 2556 739 2623 ἐκ
761 2558 976 2644 πεφυρμένου

242 2661 297 2729 καὶ
320 2665 510 2749 θηριώδους
531 2671 624 2730 θεῶν
647 2667 923 2749 διεσταθμήσατο,
1060 2693 1064 2700 ·
1130 2683 1164 2730 ιο

242 2767 458 2856 πρῶτονμὲν
481 2769 593 2849 ἐνθεὶς
616 2773 766 2855 σύνεσιν,
790 2768 859 2836 εἶτα
882 2769 912 2836 δ’
939 2773 1082 2855 άγγελον

242 2881 396 2962 γλῶσσαν
419 2881 528 2962 λόγων
551 2881 644 2962 δούς,
667 2881 711 2956 ὡς
733 2881 947 2963 γεγωνίσκειν
969 2881 1048 2962 όπα,

242 2988 371 3069 τροφήν
393 3009 427 3050 τε
449 2995 577 3071 καρποῦ
601 2995 640 3071 τῆ
663 2995 769 3072 τροφῆ
792 2983 819 3049 τ’
848 2984 901 3050 ἀπ’
928 2985 1075 3071 οὐρανοῦ

243 3092 404 3174 σταγόνας
427 3092 585 3178 ὑδρηλάς,
609 3093 653 3168 ώς
675 3092 716 3156 τά
737 3091 767 3175 γ’
795 3090 831 3156 ἐκ
853 3094 949 3175 γαίας
970 3090 1074 3178 τρέφή

242 3199 326 3284 άρδη
349 3223 384 3264 τε
407 3199 527 3282 νηδύν·
549 3200 632 3284 πρὸς
654 3196 691 3264 δέ
713 3201 823 3265 τοῖσδε
846 3202 996 3282 χείματος
1068 3233 1071 3246 ·
1130 3213 1163 3262 σε

240 3303 442 3390 προβλήματ’
470 3300 573 3370 αι’θόν
594 3303 622 3370 τ’
649 3304 876 3388 ἐξαμύνασθαι
899 3311 998 3389 θεοῦ,

240 3415 365 3477 πόντου
388 3435 423 3477 τε
446 3410 708 3497 ναυστολήμαθ’,
730 3413 775 3488 ώς
797 3413 975 3494 διαλλαγὰς

241 3516 372 3604 ἔχοιμεν
394 3518 586 3602 ἀλλήλοισιν
609 3514 656 3584 ὧν
678 3518 811 3584 πένοιτο
835 3527 886 3602 γῆ.
