2668 3994
544 163 590 217 IV.
609 165 806 216 ΑΙΣΧΥΛΟΣ.

282 329 459 409 θεόσυτος,
481 325 502 409 ή
525 327 688 411 βρότειος,
710 325 730 409 ἢ
754 324 949 409 κεκραμένη

283 434 371 498 ἵκετο
394 435 569 520 τερμόνιον
591 430 643 496 ἐπὶ
666 432 774 515 πάγον

281 542 395 604 πόνων
417 538 506 620 ἐμῶν
528 541 670 624 θεωρός,
693 537 714 622 ή
737 542 773 602 τί
792 539 834 622 δή
856 536 981 618 θέλων;

282 646 380 732 δρᾶτε
403 646 573 729 δεσμώτην
593 667 634 729 με
657 646 848 728 δύσποτμον
870 647 970 728 θεόν,

281 753 341 817 τὸν
363 754 446 828 Διὸς
468 750 607 838 ἐχθρόν,
629 753 689 816 τὸν
710 760 792 816 πᾶσι
814 757 909 829 θεοῖς

282 857 326 925 δι’
353 858 531 944 ἀπεχθείας
553 856 692 924 ἐλθόνθ’
720 858 837 924 ὁπόσοι

280 967 341 1049 τήν
364 966 447 1041 Διὸς
470 964 576 1048 αὐλήν
599 966 834 1049 εἰσοιχνεῦσιν,

282 1072 337 1136 διά
360 1072 421 1154 τήν
444 1075 518 1136 λίαν
542 1072 702 1154 φιλότητα
724 1073 862 1154 βροτῶν.

281 1185 346 1262 φεῦ
370 1186 449 1260 φεῦ,
472 1180 507 1241 τί
528 1176 599 1242 ποτ’
626 1172 668 1242 αὖ
691 1178 873 1259 κινάθισμα
896 1179 984 1242 κλύω

281 1283 381 1360 πέλας
404 1285 546 1363 οίωνῶν;
569 1285 671 1369 αίθήρ
696 1280 725 1348 δ’
753 1282 911 1369 ἐλαφραῖς

280 1391 455 1476 πτερύγων
478 1391 590 1476 ῥιπαῖς
612 1390 812 1475 ὑποσυρίζει.

325 1506 393 1562 πᾶν
415 1521 472 1578 μοι
496 1497 643 1582 φοβερὸν
666 1498 703 1561 τδ
725 1497 922 1583 προσέρπον.

282 1814 388 1881 Πάντ’
415 1814 602 1894 ἐκκάλυψον
625 1817 679 1881 καί
702 1815 819 1900 γέγων’
845 1817 925 1900 ήμῖν
947 1819 1063 1899 λόγον,

279 1924 363 2010 ποίῳ
387 1925 498 2007 λαβών
522 1940 558 1988 σε
583 1925 667 2000 Ζεύς
689 1921 739 1988 ἐπ’
767 1924 931 2005 αἰτιάματι

281 2029 386 2105 οὕτως
409 2028 532 2112 ἀτίμως
554 2030 609 2094 καί
631 2040 757 2115 πικρῶς
779 2031 947 2109 αἰκίζεται·

280 2133 416 2212 δίδαξον
438 2136 535 2219 ἡμᾶς,
559 2137 591 2200 εί
610 2159 642 2200 τι
664 2137 708 2220 μή
732 2137 868 2220 βλάπτει
891 2139 987 2222 λόγῳ.

193 2241 261 2306 ΠΡ.
279 2241 416 2325 ἀλγεινά
436 2241 498 2323 μέν
520 2267 576 2325 μοι
599 2244 654 2307 καλ
677 2241 786 2326 λέγειν
809 2241 900 2307 ἐστίν
922 2243 1014 2324 τάδε,
1168 2257 1184 2306 ῖ

281 2350 380 2432 ἀλχος
403 2348 440 2414 δὲ
463 2357 575 2432 σιγᾶν,
599 2357 746 2434 πανταχῇ
771 2348 809 2414 δὲ
831 2349 1010 2431 δύσποτμα.

281 2453 351 2520 ἐπεὶ
374 2454 497 2540 τάχιστ’
523 2452 664 2539 ήρξαντο
688 2456 842 2540 δαίμονες
864 2458 964 2541 χόλον

279 2561 393 2638 στάσις
415 2560 443 2624 τ’
466 2559 503 2626 ἐν
525 2561 718 2645 ἀλλήλοισιν
740 2561 947 2646 ὠροθύνετο,

280 2668 313 2732 οἱ
334 2664 396 2751 μὲν
419 2666 576 2744 θέλοντες
598 2666 750 2751 ἐκβαλεῖν
773 2667 871 2754 ἕδρας
893 2670 1040 2754 Κρόνον,

279 2774 324 2850 δις
349 2775 432 2850 Ζεὺς
455 2772 595 2839 ἀνάσσοι
619 2775 739 2858 δήθεν,
763 2775 796 2839 ολ
819 2771 856 2839 δὲ
878 2776 1063 2857 τοῦμπαλιν
1150 2790 1184 2839 10

271 2862 492 2964 σπεύδοντες,
516 2881 560 2957 ὡς
585 2882 669 2956 Ζεύς
690 2878 806 2963 μήποτ’
834 2879 962 2966 ἄρξειεν
984 2887 1089 2964 θεῶν,

277 2985 413 3052 ἐνταῦθ’
441 2984 504 3070 ἐγὼ
527 2988 567 3051 τά
589 2990 695 3075 λῷστα
717 2989 890 3070 βουλεύων
912 2993 1028 3052 πιθεῖν

283 3097 437 3177 Τιτᾶνας,
463 3093 619 3180 Οὐρανοῦ
642 3095 755 3158 τεκαὶ
778 3095 912 3170 Χθονὸς
934 3093 1048 3178 τέκνα,

278 3199 340 3264 ούκ
362 3199 551 3283 ἠδυνήθην·
576 3201 715 3282 αἱμύλας
738 3200 776 3266 δὲ
796 3202 943 3284 μηχανάς

278 3305 495 3387 ἀτιμάσαντες
515 3316 686 3394 καρτεροῖς
709 3309 920 3393 φρονήμασιν
1149 3323 1184 3373 16

277 3410 371 3500 ᾤοντ’
398 3410 521 3497 ἀμοχθὶ
544 3414 627 3498 πρὸς
649 3416 728 3497 βίαν
749 3436 785 3477 τε
808 3414 993 3479 δεσπόσειν.

277 3515 349 3599 ἐμοὶ
374 3518 410 3582 δὲ
433 3520 537 3604 μήτηρ
562 3518 622 3603 οὐχ
646 3517 729 3596 ἀπαξ
751 3522 870 3603 μόνον,
897 3519 996 3604 Θέμις
