2668 3994
523 109 581 163 XII.
600 113 809 164 ΕΤΡΙΠΙΔΗΣ.

248 268 402 355 ἀκέραιον
426 273 470 348 ὡς
493 274 608 337 σώσειε
631 273 789 362 Μενέλεῳ
812 273 913 359 λέχος.

247 377 336 459 κάγὼ
358 374 420 460 μέν
443 377 557 444 ἐνθάδ’
585 378 662 464 είμ’,
686 381 704 446 ὁ
728 379 757 445 δ’
785 383 903 458 ἄθλιος
925 385 1020 459 πόσις

247 483 418 570 στράτευμ’
447 485 608 572 ἀθροίσας
630 489 687 564 τδις
709 486 787 570 ἐμδις
810 488 1000 573 ἀναρπαγὰς

245 597 336 678 θηρᾷ
357 591 537 678 πορευθεὶς
554 592 657 660 Ἰλίου
678 596 889 681 πυργώματα.

245 697 348 784 ψυχαὶ
372 695 409 764 δέ
431 699 550 765 πολλαί
574 699 616 765 δι’
644 699 692 785 ἔμ’
720 699 774 766 ἐπὶ
797 704 1044 788 Σκαμανδρίοις

245 805 378 892 ῥοαῖσιν
400 804 539 872 ἔθανον·
562 807 583 891 ἡ
606 804 643 872 δέ
664 808 772 872 πάντα
794 807 885 874 τλᾶσ’
912 807 976 893 ἐγὼ

244 913 425 999 κατάρατός
447 915 512 995 είμι
535 913 590 978 καί
614 916 700 979 δοκῶ
723 913 884 1000 προδοῦσ’
911 914 991 998 ἐμὸν

243 1022 343 1084 πόσιν
366 1021 512 1098 συνάψαι
534 1023 679 1104 πόλεμον
693 1019 851 1105 Ἕλλησιν
873 1021 987 1106 μέγαν.

243 1129 278 1190 τί
299 1124 368 1209 δῆτ’
396 1124 444 1191 έτι
468 1131 523 1206 ζῶ;
545 1134 630 1192 θεοῦ
653 1125 721 1192 τόδ’
749 1127 914 1212 εἰσηκουσ’
941 1126 1018 1206 έπος
1130 1146 1163 1194 55

239 1230 376 1318 Ἑρμοῦ,
398 1235 436 1298 τὸ
459 1237 591 1300 κλεινόν
612 1233 645 1317 μ’
672 1231 720 1299 έτι
743 1239 951 1319 κατοικήσειν
973 1235 1076 1302 πέδον

242 1340 398 1425 Σπάρτης
421 1343 485 1405 σὺν
509 1341 621 1426 ἀνδρί,
644 1343 759 1425 γνόντι
781 1340 813 1425 μ’
842 1343 886 1418 ὡς
908 1341 942 1419 ἐς
955 1341 1059 1408 ’Ἰλιον

242 1447 310 1521 οὐκ,
326 1443 449 1530 ἦλθον,
472 1448 527 1512 ἵνα
549 1449 593 1531 μὴ
617 1446 722 1534 λέκτρ’
750 1448 952 1534 ὑποστρώσω
975 1452 1051 1514 τινί.

241 1551 302 1629 ἕως
323 1554 385 1636 μὲν
408 1549 470 1619 οὖν
492 1565 564 1638 φῶς
585 1555 680 1638 ἡλίου
703 1553 771 1619 τόδ’
799 1552 915 1638 έβλεπε

242 1660 413 1744 Πρωτεύς,
437 1661 559 1737 ἄσυλος
580 1657 601 1744 ἦ
624 1661 750 1744 γάμων·
774 1659 844 1726 ἐπεὶ
868 1658 905 1726 δέ
927 1671 987 1746 γης
1128 1679 1162 1728 60

186 1785 189 1791 ·
241 1768 346 1853 σκότῳ
369 1765 561 1852 κέκρυπται,
584 1777 661 1843 παῖς
684 1768 702 1833 δ
725 1776 784 1832 τοῦ
808 1769 1007 1852 τεθνηκότος

239 1879 330 1959 θηρᾷ
353 1883 470 1956 γαμεῖν
491 1897 540 1956 με.
585 1875 644 1938 τὸν
666 1874 766 1939 πώλαι
790 1873 819 1938 δ’
847 1873 926 1957 ἐμὸν
948 1878 1047 1940 πόσιν

239 1991 364 2062 τιμῶσα
387 1979 550 2066 Πρωτέως
571 1990 683 2064 μνῆμα
704 1984 895 2066 προσπίτνω
919 1983 994 2046 τόδε

239 2085 353 2171 ἱκέτις,
377 2085 420 2153 ἵν’
448 2086 546 2173 ἀνδρὶ
568 2087 653 2170 τολμδι
675 2089 820 2173 διασώσῃ
844 2088 935 2173 λέχη,

238 2195 296 2278 ὡς,
320 2196 349 2260 εἰ
372 2192 448 2259 καθ’
461 2192 599 2258 Ἑλλάδ’
627 2195 731 2276 ὄνομα
754 2191 909 2271 δυσκλεὲς
931 2193 1038 2280 φέρω,
1125 2211 1159 2260 6ο

181 2315 185 2321 “
237 2306 282 2386 μη
303 2326 359 2384 μοι
382 2302 418 2365 τὸ
443 2301 535 2383 σῶμά
558 2298 587 2384 γ’
615 2299 731 2366 ἐνθάδ’
759 2302 919 2385 αἰσχύνην
942 2303 1038 2387 όφλη.

201 2441 271 2507 ΧΠ.
303 2441 472 2528 Iphigenia
495 2443 534 2506 eb
559 2443 800 2530 Agamemnone
822 2443 922 2507 vitam
945 2446 1101 2526 precatur.

148 2545 301 2615 (Euripidis
310 2545 401 2616 Iphig.
412 2546 505 2600 Aulid.
518 2551 693 2600 1211-1275
709 2547 751 2600 ed.
762 2544 871 2600 Nauck.
894 2545 928 2600 cf.
939 2545 1008 2601 sese.
1018 2546 1056 2599 111
1065 2564 1092 2615 p.
1103 2549 1157 2615 47.)

218 2653 273 2707 Res
301 2652 403 2707 Aulide
435 2655 500 2707 ente
528 2653 637 2708 Dienee
665 2669 743 2708 erem
771 2653 877 2723 egitur3
905 2654 985 2708 adest
1011 2655 1102 2707 meter
1128 2655 1158 2707 οῖ

530 2832 767 2900 ΙΦΙΓΕΝΕΙΑ.

212 2942 255 3006 Ei
277 2937 338 3024 μέν
360 2941 419 3005 τὸν
437 2939 582 3027 Ὀρφέως
603 2937 708 3026 εἶχον,
732 2937 757 3005 ὧ
781 2941 897 3028 πάτερ,
920 2944 1035 3026 λόγον,

211 3050 343 3113 πείθειν
365 3045 521 3135 ἐπᾴδουσ’
550 3046 632 3113 ὥσθ’
660 3048 815 3133 ὁμαρτεῖν
837 3073 893 3131 μοι
915 3047 1035 3134 πέτρας

211 3160 323 3238 κηλεῖν
345 3178 380 3220 τε
402 3165 471 3232 τοῖς
493 3156 642 3238 λόγοισιν
661 3154 720 3231 οδς
741 3153 941 3238 ἐβουλόμην,

211 3260 346 3327 ἐνταῦθ’
374 3261 417 3327 δν
438 3258 555 3345 ἦλθον.
600 3270 666 3328 νῦν
688 3258 725 3326 δὲ
747 3259 821 3326 τάπ’
848 3259 929 3344 ἐμοῦ
953 3262 1055 3345 σοφοί,

211 3369 338 3456 δάκρυα
359 3367 501 3454 παρέξω·
523 3378 626 3434 ταῦτα
648 3369 710 3454 γὰρ
735 3366 909 3451 δυναίμεθ’
938 3369 988 3432 ἄν.
1136 3383 1152 3432 5

210 3477 378 3562 ἱκετηρίαν
401 3472 437 3541 δέ
461 3479 600 3561 γόνασιν
622 3473 747 3552 ἐξάπτω
771 3473 873 3540 σέθεν

1325 1503 1326 1548 λ

148 2723 258 2780 Orestes
277 2724 387 2778 filiolus.

1325 3489 1326 3560 λ
