2668 3994
153 133 195 197 28
517 134 589 187 VIII.
611 136 809 187 ΑΙΣΧΥΛΟΣ.

258 297 463 381 πράσσοιμεν
485 295 529 372 ὡς
552 297 669 381 άριστα
692 299 857 382 Περσικὸς
880 299 976 377 λεῶς;

152 403 219 467 ΔΑ.
261 403 290 466 εί
312 404 356 486 μὴ
380 400 610 487 στρατεύοισθ’
638 400 672 479 ἐς
694 403 754 468 τὸν
773 401 940 486 Ἑλλήνων
962 406 1079 487 τόπον,

257 508 332 593 μηδ’
360 509 390 574 εί
413 509 598 594 στράτευμα
620 513 736 574 πλεῖον
757 502 779 594 ᾖ
801 511 838 574 τὸ
862 512 1030 594 Μηδικόν·
1113 519 1165 574 110

158 647 160 660 .
259 617 342 700 αὐτη
365 618 428 701 γὰρ
451 617 471 698 ἡ
495 624 536 698 γη
561 614 726 701 ξύμμαχος
748 620 871 693 κείνοις
892 617 991 682 πέλει.

151 719 219 787 ΧΟ.
257 733 327 799 πῶς
349 719 437 787 τοῦτ’
465 719 589 805 ἔλεξας,
613 726 680 787 τίνι
703 726 812 810 τρόπφ
836 720 873 788 δὲ
896 734 1070 808 συμμαχεί;

128 828 218 894 ’ΔΑ
261 833 437 894 κτείνουσα
460 833 543 918 λιμῶ
566 833 645 906 τοὺς
667 830 897 915 ὑπερπόλλους
920 832 1013 914 άγαν.

151 933 219 1001 ΧΟ.
259 934 329 1000 ἀλλ’
357 936 497 1018 εὐσταλῆ
521 959 572 1000 τοι
596 937 713 1000 λεκτὸν
735 936 881 1022 ἀροῦμεν
903 939 1031 1002 στόλον.

151 1041 218 1108 ΔΑ.
260 1041 330 1107 ἀλλ’
358 1041 430 1107 οὐδ’
454 1043 472 1108 δ
491 1045 606 1125 μείνας
628 1052 693 1107 νῦν
711 1041 749 1108 ἐν
763 1040 919 1120 Ἑλλάδος
941 1045 1054 1120 τόποις
1113 1059 1164 1108 115

260 1150 397 1232 στρατὸς
420 1153 555 1234 κυρήσει
579 1151 738 1231 νοστίμου
761 1153 931 1234 σωτηρίας.

150 1252 219 1320 ΧΟ.
257 1267 326 1331 πῶς
349 1251 455 1335 εἶπας;
479 1255 519 1320 οὐ
543 1257 606 1341 γάρ
629 1266 697 1320 πᾶν
719 1257 904 1341 στράτευμα
927 1256 1105 1341 βαρβάρων

257 1371 343 1449 περᾷ
364 1363 424 1429 τὸν
438 1361 558 1446 Ἕλλης
579 1363 735 1448 πορθμὸν
758 1363 922 1447 Ελόρῶπης
944 1363 1022 1441 άπο;

151 1467 218 1534 ΔΑ.
258 1472 385 1555 παῦροί
405 1492 443 1552 γε
465 1472 612 1553 πολλῶν,
636 1475 671 1534 εί
688 1493 720 1533 τι
743 1476 916 1534 πιστεῦσαι
939 1475 1031 1534 θεῶν

257 1577 318 1660 χρὴ
341 1576 576 1659 θεσφάτοισιν,
599 1573 634 1652 ἐς
655 1577 696 1639 τά
718 1583 783 1640 νῦν
805 1573 1018 1660 πεπραγμένα
1111 1592 1162 1640 120

256 1680 438 1766 βλέψαντα·
462 1684 637 1765 συμβαίνει
659 1682 724 1767 γάρ
748 1681 789 1746 ού
811 1682 851 1746 τὰ
873 1679 949 1764 μέν,
971 1683 1012 1747 τά
1035 1680 1065 1746 δ’
1093 1683 1141 1748 ού.

257 1789 369 1873 κεῖπερ
392 1786 463 1853 τάδ’
491 1786 576 1871 ἐστί,
598 1792 728 1871 πλῆθος
750 1785 901 1873 ἔκκριτον
924 1797 1066 1870 στρατοῦ

259 1898 362 1960 λείπει
385 1904 535 1960 κεναῖσιν
557 1893 688 1960 ἐλπίσιν
710 1892 934 1984 πεπεισμένος.

256 2005 416 2083 μίμνουσι
438 1999 468 2066 δ’
496 1998 581 2066 ἔνθα
603 2003 721 2067 πεδίον
739 1999 885 2078 Ἀσωπὸς
908 2002 1000 2087 ῥοαῖς

258 2110 365 2194 ἄρδει,
390 2111 491 2192 φίλον
513 2110 639 2189 πίασμα
661 2112 819 2173 Βοιωτῶν
841 2112 955 2192 χθονί·
1112 2125 1162 2172 125

258 2209 299 2280 οὗ
323 2232 406 2300 σφιν
428 2225 539 2280 κακῶν
561 2213 672 2292 ὕψιστ’
699 2212 876 2297 ἐπαμμένει
899 2221 1036 2298 παθεῖν,

257 2321 385 2406 ὕβρεως
408 2323 529 2387 άποινα
551 2319 684 2386 κάθέων
707 2321 942 2406 φρονημάτων·

257 2431 293 2492 οἳ
313 2438 377 2511 γῆν
399 2430 555 2511 μολόντες
574 2425 701 2493 Ἑλλάδ’
729 2427 770 2492 ού
792 2434 884 2492 θεῶν
905 2425 1006 2513 βρέτη

259 2533 404 2621 ᾐδοῦντο
427 2538 534 2599 συλᾶν
556 2529 634 2598 οὐδὲ
658 2534 842 2619 πιμπράναι
864 2535 959 2611 νεός·

258 2640 363 2724 βωμοὶ
386 2638 416 2704 δ’
445 2643 567 2723 άλστοι,
591 2641 759 2721 δαιμόνων
781 2637 816 2704 θ’
844 2641 1008 2725 ἱδρύματα
1113 2658 1163 2705 130

258 2749 417 2832 πρόρριζα
439 2746 574 2831 φύρδην
598 2743 851 2833 ἐξανέστραπται
874 2748 1022 2834 βάθρων.

258 2853 373 2937 τοιγάρ
397 2863 504 2929 κακῶς
527 2853 707 2938 δράσαντες
729 2853 790 2918 οῦκ
813 2851 976 2918 ἐλάσσονα

257 2960 436 3042 πάσχουσι,
459 2960 500 3023 τὰ
522 2955 559 3023 δὲ
582 2957 754 3041 μέλλουσι,
777 2959 928 3025 κούδέπω
951 2972 1062 3033 κακῶν

259 3064 375 3149 κρηπὶς
396 3063 548 3148 ὕπεστιν,
572 3062 645 3128 ἀλλ’
673 3062 716 3129 ἔτ’
744 3063 940 3131 ἐκπιδύεται.

258 3172 355 3246 τόσος
378 3171 440 3252 γάρ
464 3168 555 3235 ἔσται
578 3169 718 3247 πέλανος
741 3173 989 3256 αἱματοσφαγὴς
1113 3190 1163 3238 135

259 3277 342 3361 πρὸς
365 3287 407 3361 γῇ
431 3281 610 3342 Πλαταιῶν
632 3279 785 3359 Δωρίδος
807 3280 926 3363 λόγχης
948 3279 1030 3345 ὕπο·

258 3394 386 3468 νεκρῶν
410 3379 446 3448 δὲ
468 3389 563 3459 θῖνες
586 3384 639 3447 καλ
663 3387 867 3471 τριτοσπόρῳ
890 3396 972 3472 γονῇ

255 3491 377 3573 άφωνα
400 3498 607 3573 σημανοῦσιν
629 3491 772 3573 ὄμμασιν
794 3494 924 3577 βροτῶν
