2668 3994
504 132 574 186 XIX.
595 135 809 188 cscxpiscz.
1117 137 1157 202 51

152 299 193 384 ἣν
211 297 268 379 σύ,
287 299 408 382 πατῆρ,
428 295 591 361 σκέδασον
609 307 716 382 ψυχῆς
729 299 808 381 ὑπο,
827 300 884 376 ὑὸς
903 301 940 366 δὲ
957 309 1098 386 κυρῆσαι
1126 317 1161 365 30

151 407 296 490 γνώμης,
319 394 340 489 ᾗ
362 406 502 480 πίσυνος
525 406 568 468 σὺ
591 404 685 488 δίκης
706 402 786 487 μέτα
808 405 915 470 πάντα
938 409 1115 493 κυβερνᾷς,

150 511 228 599 ὄφρ’
254 511 297 577 ἂν
319 510 513 595 νεμηθέντες
536 511 768 594 ἀμειβώμεσθα
791 529 828 576 σε
850 522 941 598 τιμῆ,

150 619 334 702 ὑμνοῦντες
355 620 395 682 τὰ
418 619 459 682 σὰ
482 620 562 703 ἔργα
586 619 748 701 ὑιῆνεκες,
771 618 815 695 ὡς
837 617 964 684 ἐπέοικε

149 726 277 809 θνητὸν
295 723 393 808 ἐόντ’,
412 723 482 791 ἐπεὶ
502 725 577 789 οὔτε
595 727 727 810 βροτοῖς
745 723 843 811 γέρας
861 727 941 790 ἄλλο
959 750 991 790 τι
1009 730 1120 808 μεῖζον

151 833 227 897 οὑτε
249 839 357 914 θεοῖς,
380 831 400 914 ἢ
425 831 539 897 κοινὸν
562 830 613 895 ἀεὶ
636 833 740 914 νόμον
763 830 800 896 ἐν
823 833 899 923 δίκῃ
921 832 1048 914 ὑμνεῖν.
1125 849 1158 898 οῖ

229 989 315 1056 XIX.
348 991 483 1055 Carmen
505 991 686 1055 bucolicum
710 991 749 1054 dc
770 996 872 1056 molis
895 991 1083 1076 Daphnidis.
1153 991 1155 998 ’

357 1094 509 1164 (Theocriti
527 1095 606 1163 idyll.
626 1095 652 1163 I;
671 1095 705 1148 cf.
725 1096 792 1150 fasc.
812 1094 839 1149 V
855 1114 882 1165 p.
898 1099 950 1166 66.)

220 1201 355 1271 Daphnis,
366 1202 491 1257 omnium
504 1202 535 1256 in
550 1201 647 1255 Sicilia
660 1204 804 1271 pastorum
817 1202 1042 1270 immisimus,
1052 1203 1158 1272 primus

148 1273 290 1328 bucolicon
299 1277 398 1328 cantus
408 1273 526 1328 movisse
535 1271 631 1327 fertur.
641 1305 675 1313 -
683 1291 706 1326 v.
715 1271 918 1328 14οΚισσαίθα
930 1291 1032 1328 nomen
1048 1290 1156 1344 capras.

145 1470 224 1536 Ἆὺὑ
247 1495 279 1535 τι
301 1472 339 1536 τὸ
361 1472 550 1557 ψυθὺρισμα
573 1469 627 1536 καί
651 1471 672 1535 ὑ
694 1473 804 1554 πίτυς,
828 1472 956 1556 αλπόλε,
979 1476 1062 1556 τῆνα

149 1578 169 1642 ὑ
191 1577 268 1644 ποτὶ
291 1589 362 1655 ταῖς
382 1587 520 1661 παγαῖσι
542 1578 745 1661 μελίσδεται,
769 1577 833 1644 ἁὸὑ
857 1578 970 1643 δὲκαὶ
993 1580 1034 1642 τύ

149 1687 316 1771 συρίσθες·
338 1687 419 1767 μετὰ
443 1689 542 1750 Πᾶνα
564 1685 601 1748 τὸ
625 1685 783 1770 δεύτερον
805 1679 914 1750 ἆθλον
937 1685 1064 1770 ἀποισῆ.

148 1793 224 1858 αἴκα
247 1801 345 1874 τῆνος
368 1791 425 1882 ἕλῃ
448 1793 568 1878 κεραὸν
589 1791 727 1874 τράγον,
750 1787 829 1874 αἶγα
851 1794 891 1855 τὺ
915 1796 1016 1876 λαψῆ·

147 1901 224 1965 αίκα
248 1897 277 1963 θ’
304 1894 382 1982 αἶγα
405 1899 488 1984 λάβῃ
512 1907 610 1980 τῆνος
633 1896 744 1983 γέρας,
767 1899 815 1973 εἰς
837 1898 872 1962 τὲ
894 1908 1048 1983 καταρρεῖ
1142 1914 1159 1962 5

147 2005 168 2070 ολ
187 2008 336 2090 χίμαρος·
355 2004 480 2092 χιμαίρῳ
500 2004 537 2068 δὲ
554 2004 656 2068 καλὸν
675 2002 781 2089 κρέας,
800 2001 873 2067 ἕστε
890 2002 923 2067 κ’
945 2003 1091 2095 ἀμέλξῆς.

150 2141 153 2148 ·
549 2107 757 2174 ΑΙΠΟΔΟΣ.

139 2217 270 2300 Ἅδιον,
294 2214 320 2282 ὦ
341 2220 479 2299 ποιμῆν,
502 2218 540 2281 τὸ
562 2217 638 2280 τεὸν
659 2215 757 2298 μέλος
779 2213 800 2298 ῆ
822 2216 858 2280 τὸ
882 2216 1018 2301 καταχές

146 2323 218 2407 τῆν’
245 2323 308 2389 ἀπὸ
331 2333 389 2400 τᾶς
411 2321 531 2409 πέτρας
553 2324 777 2405 καταλείβεται
799 2321 932 2400 ὑψόθεν
954 2323 1054 2409 ὑὸοιρ.

147 2437 224 2496 αίκα
246 2430 299 2495 ταί
322 2435 451 2495 Μοῖσαι
473 2431 535 2494 τάν
558 2430 646 2493 οίίὺα
669 2430 779 2514 δῶρον
802 2429 962 2512 ἄγωνται,

147 2538 231 2623 ίίρνα
254 2539 294 2601 τὺ
318 2538 455 2601 σακίταν
478 2541 564 2621 λαψῆ
589 2533 699 2620 γέρας·
722 2536 756 2599 αί
779 2533 817 2600 δέ
837 2534 867 2600 κ’
895 2535 1014 2621 ἀρέσκῃ
1124 2555 1157 2603 10

146 2647 246 2726 τῆνας
268 2644 353 2728 ίίρνα
376 2647 501 2726 λαβεῖν,
524 2644 564 2706 τὺ
588 2641 626 2706 δὲ
647 2642 709 2706 τὰν
731 2641 785 2706 ὑῖν
807 2641 949 2727 ὕστερον
972 2640 1064 2728 ἀξῆ.’

564 2746 734 2812 ΘΤΡΣΙΣ.

147 2862 217 2942 Λῆς
238 2855 314 2920 ποτὶ
336 2865 398 2920 τᾶν
419 2858 580 2937 Νυμφᾶν,
603 2857 671 2936 λῆς,
694 2853 819 2934 αίπόλε,
841 2854 928 2917 τεῖὺε
951 2852 1102 2938 καθίξας,

147 2959 191 3040 ὧς
213 2964 249 3027 τὸ
273 2964 429 3038 κάταντες
450 2969 548 3026 τοῦτο
576 2960 749 3042 γεώλοφον
772 2959 809 3023 αἴ
829 2982 863 3022 τε
886 2971 1036 3044 μυρῖκαι,

146 3070 319 3155 συρίσὺεν;
342 3070 399 3145 τὰς
418 3067 448 3132 δ’
471 3063 566 3150 αἶγας
588 3063 674 3148 ἐγὼν
697 3063 735 3129 ἐν
757 3066 838 3152 τῷδε
862 3078 1021 3148 νομευσῶ.

547 3169 755 3236 ΑΙΠΟΔΟΣ.

148 3284 197 3349 Οὑ
215 3283 324 3367 θέμις,
339 3279 364 3348 ὦ
378 3286 511 3366 ποιμήν,
529 3281 566 3346 τὸ
584 3282 819 3364 μεσαμβρινόν,
839 3280 879 3343 οὐ
897 3279 996 3361 θέμις
1014 3276 1093 3362 ἇμιν
1122 3296 1154 3345 15

146 3391 317 3476 συρίσδεν·
340 3390 400 3453 τὸν
424 3394 522 3454 Πᾶνα
545 3388 748 3468 ὑεὺοίκαμες·
771 3382 791 3469 ῆ
815 3388 877 3472 γὰρ
902 3386 955 3451 ἀπ’
983 3389 1085 3471 ἄγρας

145 3500 263 3562 τανίκα
285 3496 452 3578 κεκμακὼς
474 3495 669 3578 ἀμπαύεται*
684 3495 762 3558 Ιἔστι
786 3493 823 3558 δέ
844 3496 975 3579 πικρός,
1052 3527 1054 3534 <
