2668 3994
528 118 586 172 XII.
606 122 815 173 ΕΤΡΙΠΙΔΗΣ.

233 281 250 346 ὃ
272 281 334 364 μὲν
356 283 492 358 νεοσσός
515 283 562 346 ὢν
585 279 651 365 ἔθ’,
674 283 695 366 ἣ
719 280 748 346 δ’
775 280 949 366 ηὐξημένη.

232 386 284 454 ένλ
306 397 514 472 συντεμοῦσα
535 388 642 454 πάντα
664 392 788 473 νικήσω
812 391 913 476 λόγῳ·

232 495 269 559 τὸ
294 506 365 578 φῶς
386 493 455 560 τύδ’
482 495 713 581 ἀνθρώποισιν
734 495 872 579 ἥδιστον
894 493 1043 580 βλέπειν,
1142 511 1178 561 40

232 602 272 666 τὰ
295 600 396 688 νέρθε
419 599 449 666 δ’
477 602 590 668 οὐδέν·
613 604 763 685 μαίνεται
786 600 815 667 δ’
844 601 880 679 ὃς
902 603 1031 686 εὔχεται

232 715 361 774 θανεῖν.
393 719 500 786 κακῶς
522 713 580 792 ζῆν
602 719 757 794 κρεῖσσον
779 707 799 792 η
824 713 931 785 καλῶς
952 714 1084 786 θανεῖν.

591 814 745 881 ΧΟΡΟΣ.

233 918 259 988 ὦ
282 927 407 1006 τλῆμον
425 921 555 1006 Ἑλένη,
580 924 634 988 διὰ
657 919 694 987 σὲ
717 921 772 988 καλ
794 925 873 999 τοὺς
895 924 976 998 σοὺς
999 921 1125 1005 γάμους

234 1029 324 1113 ἀγὼν
342 1027 523 1115 Ἀτρείδαις
544 1028 599 1094 καλ
621 1028 749 1106 τέκνοις
771 1029 842 1112 ἥκει
864 1027 973 1112 μένας.

525 1133 820 1201 ΑΓΑΜΕΜΝΩΝ.

233 1239 298 1326 ἐγὼ
320 1242 360 1306 τοί
382 1239 409 1305 τ’
437 1243 551 1328 οίκτρολ
573 1240 710 1318 συνετός
732 1243 798 1325 εἰμι
820 1242 875 1307 καλ
898 1243 938 1307 τὰ
959 1245 1018 1325 μή,
1142 1255 1177 1306 45

234 1352 321 1431 φιλῶ
344 1345 373 1412 τ’
400 1346 543 1431 ἐμαυτοῦ
567 1347 678 1414 τέκνα·
701 1350 880 1432 μαινοίμην
902 1349 965 1434 γὰρ
989 1349 1039 1414 ἄν.

234 1455 351 1531 δεινῶς
373 1453 403 1518 δ’
430 1451 495 1539 ἔχει
518 1479 575 1538 μοι
597 1461 701 1519 ταῦτα
723 1459 897 1539 τολμῆσαι,
920 1455 1034 1539 γύναι,

234 1561 352 1637 δεινῶς
374 1557 411 1625 δὲ
434 1560 488 1626 καλ
511 1565 570 1645 μή·
593 1564 628 1626 τί
647 1583 726 1628 ποτε
749 1562 812 1647 γὰρ
834 1560 958 1647 πρᾶξαί
976 1584 1017 1644 με
1040 1563 1104 1641 δεῖς

235 1665 333 1752 ὁρᾶθ’
360 1667 441 1733 ὅσον
463 1668 647 1753 στράτευμα
669 1668 883 1753 ναύφρακτον
904 1669 997 1757 τόδε,
1015 1749 1024 1768 .

233 1772 381 1858 χαλκέων
402 1772 437 1839 θ’
465 1774 576 1840 ὅπλων
599 1776 736 1851 ἄνακτες
754 1771 921 1859 Ἑλλήνων
944 1773 1031 1858 ὅσοι,
1143 1790 1177 1840 ου

234 1871 285 1956 οἷς
307 1883 424 1958 νόστος
445 1881 508 1947 οὐκ
529 1879 594 1946 ἔστ’
617 1879 719 1947 Ἰλίου
741 1882 891 1968 πύργους
912 1879 966 1946 ἔπι

234 1984 306 2052 οὐδ’
333 1984 403 2052 ἔστι
431 1990 549 2073 Τροίας
571 1983 694 2065 ἐξελεῖν
716 1989 849 2053 κλεινὸν
871 1988 1017 2074 βάθρον,

234 2095 263 2158 εί
285 2097 330 2177 μή
353 2110 390 2158 σε
412 2093 524 2178 θύσω,
546 2094 663 2177 μύντις
686 2095 730 2171 ὡς
752 2095 885 2180 Κοίλχας
907 2093 1004 2178 λέγει.

233 2198 356 2283 μέμηνε
379 2199 409 2264 δ’
437 2200 600 2286 ἀφροδίτη
622 2224 672 2277 τις
690 2197 859 2284 Ἑλλήνων
880 2208 1008 2289 στρατῷ

233 2311 330 2371 πλεῖν
353 2307 397 2383 ὡς
418 2306 553 2391 τάχιστα
575 2307 753 2393 βαρβάρων
776 2306 830 2373 έπλ
852 2310 961 2392 χθόνα
1143 2320 1176 2370 οσ

233 2416 360 2478 παῦσαί
380 2436 415 2478 τε
438 2412 583 2499 λέκτρων
606 2413 754 2499 ἁρπαγὰς
772 2411 984 2498 Ἑλληνικῶν,

234 2523 270 2585 οἳ
289 2520 347 2596 τὰς
369 2517 407 2584 έν
420 2517 533 2606 ’Ἀργει
556 2519 747 2606 παρθένους
768 2522 924 2586 κτενοῦσί
943 2544 1008 2603 μον

234 2624 320 2708 ὑμᾶς
341 2649 376 2691 τε
398 2625 494 2710 κάμέ,
516 2625 659 2711 θέσφατ’
687 2628 716 2692 εί
740 2628 829 2692 λύσω
851 2633 942 2704 θεᾶς.

235 2731 275 2796 οὐ
298 2729 473 2809 Μενέλεώς
494 2755 534 2814 με
556 2733 854 2816 καταδεδούλωται,
877 2731 1009 2816 τέκνον,

235 2836 307 2903 οὐδ’
333 2836 387 2903 έπλ
410 2839 447 2903 τὸ
470 2840 582 2904 κείνου
605 2841 811 2923 βουλόμενον
833 2838 995 2924 ἐλήλυθα,
1144 2855 1178 2905 60

235 2942 305 3009 ἀλλ’
329 2942 444 3022 Ἑλλὰς
465 2943 549 3032 ᾔτει,
572 2944 636 3012 κᾶν
657 2944 747 3011 θέλω
770 2945 833 3011 κδν
855 2947 900 3029 μὴ
921 2945 1027 3030 θέλω,

233 3053 342 3117 θῦσαί
362 3068 412 3118 σε·
434 3052 554 3135 ταύτης
576 3049 606 3116 δ
632 3053 772 3136 ἥσσονες
794 3050 1009 3134 καθέσταμεν.

235 3155 417 3245 ἐλευθέραν
440 3159 502 3244 γὰρ
526 3160 578 3224 δεῖ
598 3182 655 3224 νιν
678 3159 758 3225 ὅσον
780 3157 818 3224 έν
841 3160 909 3242 σοί,
933 3159 1064 3242 τέκνον,

235 3264 333 3348 κάμοὶ
355 3264 527 3350 γενέσθαι,
549 3265 633 3350 μηδὲ
654 3248 833 3352 βαρβάρων
855 3266 920 3332 ύπο

228 3369 389 3456 Ἕλληνας
412 3374 510 3449 ὄντας
532 3370 650 3458 λέκτρα
673 3377 840 3439 συλᾶσθαι
862 3375 928 3459 βίη.
1143 3385 1177 3437 σο
