2668 3994
514 133 585 186 XVI.
605 136 814 188 ΕΤΡΠΠΔΗΣ.

247 295 385 380 κειμήλι’
412 295 517 360 ἐσθλά
540 295 594 360 καί
617 295 722 361 νέοισι
744 300 894 382 χρήσιμα.

247 407 363 490 βραχεῖ
385 403 422 468 δὲ
444 405 543 490 μύθῳ
565 405 671 468 πολλὰ
694 404 869 486 συλλαβῶν
892 401 965 488 ἐρῶ.
1153 418 1169 467 5

248 522 381 596 πρῶτον
404 509 529 596 φρένας
550 510 753 594 μένηπίους
775 512 862 594 ἔχειν
885 511 1008 595 χρεών*

248 624 293 704 τῷ
311 619 459 704 πλουσίῳ
482 641 518 682 τε
540 625 586 706 τῷ
605 640 640 683 τε
662 618 845 701 μὴ’διδοὺς
867 616 965 702 μέρος
1007 631 1008 636 ’
1045 683 1048 692 ,
1081 649 1083 654 ·

248 723 323 788 ἴσον
346 725 485 788 σεαυτὸν
508 724 626 808 εὐσεβῆ
650 734 752 790 πᾶσιν
775 725 880 789 δίδου.

248 831 345 895 δυοῖν
367 833 548 916 παρόντοιν
569 831 776 916 πραγμάτοιν
797 832 880 917 πρὸς
901 831 1047 915 θάτερον

250 938 385 1020 γνώμην
408 938 607 1023 προσάπτων
630 939 691 1021 την
714 936 870 1002 ἐναντίαν
892 935 999 1018 μέθες.
1136 951 1168 999 10

248 1043 369 1120 ἀδίκως
392 1045 429 1110 δὲ
451 1046 495 1129 μὴ
518 1057 583 1109 κτῶ
606 1043 756 1130 χρήματ’,
779 1043 822 1127 ἣν
844 1045 950 1133 βούλη
972 1045 1080 1108 πολὺν

247 1153 369 1235 χρόνον
391 1151 572 1235 μελάθροις
594 1149 758 1234 ἐμμένειν·
781 1151 822 1215 τά
844 1151 907 1235 γάρ
930 1160 1036 1226 κακῶς

247 1257 360 1334 οἴκους
382 1256 550 1324 ἐσελθόντ’
579 1259 640 1322 οὐκ
663 1261 728 1343 ἔχει
751 1259 925 1342 σωτηρίαν.

182 1405 202 1412 --
247 1366 336 1448 ἔχειν
359 1361 396 1429 δὲ
417 1376 533 1450 πειρῶ·
556 1373 654 1429 τοῦτο
678 1365 740 1450 γάρ
763 1365 800 1428 τό
822 1362 851 1427 τ’
878 1363 1009 1447 εὐγενὲς

246 1469 301 1535 καλ
324 1473 402 1547 τοὺς
424 1471 550 1554 γάμους
572 1472 689 1535 δίδωσι
712 1472 790 1546 τοὺς
811 1471 963 1555 πρώτους
986 1471 1087 1553 έχειν.Ι
1134 1483 1167 1532 16

247 1575 284 1642 ἐν
306 1586 352 1665 τῶ
371 1576 532 1642 πένεσθαι
556 1576 586 1641 δ’
613 1576 705 1642 ἐστὶν
728 1577 749 1660 ἥ
771 1575 799 1640 τ’
826 1575 955 1660 ἀδοξία,

246 1681 309 1747 κάν
331 1675 353 1769 ᾖ
376 1686 479 1767 σοφός
501 1706 564 1768 τις,
588 1685 608 1766 ἥ
630 1683 659 1747 τ’
686 1683 798 1766 ἀτιμία
820 1686 906 1767 βίον.

246 1791 367 1873 φίλους
388 1787 426 1855 δέ
449 1794 526 1867 τοὺς
548 1787 609 1874 μὲν
631 1793 675 1875 μη
698 1796 866 1876 χαλῶντας
888 1788 925 1855 ἐν
948 1793 1058 1873 λόγοις
1084 1818 1086 1825 ·

246 1895 397 1979 κέκτησο·
420 1900 498 1974 τοὺς
521 1894 557 1964 δέ
579 1899 662 1984 πρὸς
683 1899 781 1984 χάριν
803 1900 867 1962 σὺν
890 1897 994 1981 ἡδονῇ

246 2013 285 2088 τῇ
310 2013 350 2090 σῇ
373 2007 540 2091 πονηροὺς
562 2011 713 2091 κλῇθρον
736 2003 869 2091 εἰργέτω
893 2003 1016 2087 στέγης.
1133 2018 1167 2066 20

247 2110 376 2193 ὁμιλίας
398 2135 433 2176 τε
455 2113 513 2189 τάς
535 2111 725 2198 γεραιτέρας
748 2113 852 2194 φίλει,

247 2216 409 2281 ἀκόλαστα
432 2215 462 2281 δ’
489 2219 556 2308 ἤθη
581 2217 711 2303 λαμπρά
734 2221 899 2299 συγγελᾶν
921 2217 1026 2297 μόνον

245 2326 351 2406 μίσει·
383 2328 519 2409 βραχεῖα
541 2323 655 2409 τέρψις
677 2323 799 2407 ἡδονῆς
821 2331 929 2404 κακῆς.

248 2428 380 2516 ἐξουσίᾳ
403 2427 440 2495 δέ
462 2429 578 2514 μήποτ’
605 2428 767 2514 ἐντυχών,
791 2428 922 2511 τέκνον,

246 2537 402 2622 αἰσχροὺς
424 2540 546 2622 έρωτας
569 2539 720 2621 δημοτῶν
744 2538 933 2601 διωκαθεῑν.
1132 2549 1165 2598 25

169 2726 174 2735 ·
247 2641 265 2706 δ
288 2642 343 2707 καὶ
366 2645 505 2730 σίδηρον
528 2644 670 2729 ἀγχόνας
691 2643 719 2708 τ’
746 2642 931 2728 ἐφέλκεται,

246 2761 398 2834 χρηστῶν
420 2754 571 2834 πενήτων
593 2752 635 2834 ἥν
658 2774 707 2827 τις
730 2750 871 2840 αἰσχύνη
893 2747 1000 2813 τέκνα.

245 2853 300 2920 καὶ
323 2859 401 2932 τοὺς
423 2859 591 2943 πονηροὺς
613 2855 729 2941 μήποτ’
756 2854 869 2934 αὕξαν’
894 2853 934 2920 ἐν
955 2857 1062 2919 πόλει·

246 2961 340 3027 κακοὶ
364 2964 426 3049 γάρ
449 2962 692 3048 ἐμπλησθέντες
714 2962 734 3047 ἢ
758 2965 956 3045 νομίσματος

245 3068 266 3152 ἢ
288 3072 405 3147 πόλεος
427 3069 622 3154 ἐμπεσόντες
644 3071 691 3145 είς
713 3069 818 3155 ἀρχήν
839 3092 914 3132 τινα
1132 3084 1166 3132 30

246 3187 437 3261 σκιρτῶσιν,
461 3175 592 3260 ἀδόκητ’
618 3176 870 3260 εὐτυχησάντων
893 3176 1014 3257 δόμων.

244 3281 315 3347 ἀλλ’
342 3279 367 3347 ὦ
390 3281 508 3348 τέκνον
530 3308 586 3365 μοι
609 3284 666 3358 δὸς
688 3281 769 3368 χέρ’,
793 3283 837 3358 ῶς
858 3284 940 3366 θίγη
963 3285 1083 3367 πατήρ,

245 3387 299 3452 καλ
322 3387 423 3473 χαῖρ’·
447 3388 502 3453 ὑπ’
530 3391 645 3466 αἰδοῦς
668 3387 697 3453 δ’
725 3389 765 3454 οὐ
789 3391 865 3454 λίαν
889 3388 1082 3471 ἀσπάζομαι·

246 3498 481 3579 γυναικόφρων
505 3498 566 3583 γὰρ
589 3496 698 3578 θυμὸς
721 3495 843 3581 ἀνδρὸς
866 3496 905 3560 οὐ
930 3503 1046 3578 σοφοῦ.
