2668 3994
556 174 629 224 xxl.
647 173 810 225 ΒᾸΒΡΙΟΣ.

271 331 400 415 ἀπῆλθε
423 335 543 418 κερδώ,
566 334 628 417 τῆν
651 332 682 398 δ’
707 331 764 399 ὑπ’
791 334 920 419 ἀγρίαις
942 334 1038 412 ύλαις
1160 353 1194 402 10

180 481 182 486 .
271 451 458 525 σκιρτῶσαν
480 433 557 524 εὗρε
578 444 752 524 μαλθακῆς
773 440 857 524 ὑπὲρ
880 443 984 525 ποίης.

179 581 194 616 ,¹
269 545 454 632 προσέκυσε
477 545 507 611 δ’
535 547 639 630 αὐτήν
661 558 808 632 πρῶτον,
832 543 902 612 εἶτα
924 546 979 612 καὶ
1002 551 1130 633 χαίρειν

270 662 441 738 προσεῖπε,
465 664 616 739 χρηστῶν
638 651 666 717 τ’
694 655 832 736 ἀγγελος
855 657 964 738 λόγων
986 655 1086 737 ήκειν.

271 759 301 825 ’ὁ
326 757 432 842 λέων’,
456 761 615 844 ἔφασκεν,
639 754 785 844 “οἶσθας,
808 762 878 825 ἔστι
900 784 957 844 μοι
980 764 1113 844 γείτων,

271 863 337 950 ἔχει
360 866 397 931 δὲ
420 867 569 950 φαύλως,
592 865 717 949 κάγγύς
739 864 809 931 ἐστι
831 875 892 931 τοῦ
914 865 1085 954 θνῄσκειν.
1160 884 1194 933 15

271 975 321 1049 τίς
344 966 406 1038 οὖν
429 971 498 1054 μετ’
525 973 628 1037 αὐτὸν
650 975 783 1056 θηρίων
805 977 1019 1058 τυραννήσει,

180 1149 183 1157 ,
272 1081 490 1144 διεσκοπεῖτο·
514 1078 603 1155 “σῦς
625 1077 687 1160 μέν
709 1076 800 1144 ἐστιν
823 1079 1000 1164 ἀγνώμων,

272 1187 391 1269 ἀρκτος
414 1185 451 1250 δὲ
474 1188 600 1269 νωθής,
622 1185 784 1271 πάρδαλις
807 1185 845 1251 δὲ
866 1188 1040 1270 θυμώδης,
1059 1207 1062 1212 ·

271 1294 378 1377 τίγρις
401 1290 431 1356 δ’
458 1291 585 1370 ἀλαζὼν
607 1289 663 1356 καὶ
686 1292 723 1356 τὸ
745 1301 813 1357 πᾶν
835 1290 955 1378 ἐρημαί
975 1343 982 1358 .

272 1401 398 1483 ἔλαφον
419 1407 598 1484 τυραννεῖν
620 1395 802 1482 ἀξιωτάτην
825 1403 941 1484 κρίνω·
1162 1417 1196 1466 20
1321 1477 1322 1484 ρ

185 1547 189 1554 ,
273 1506 379 1591 γαύρη
402 1505 464 1587 μὲν
487 1499 590 1587 εἶδος,
613 1505 718 1570 πολλὰ
741 1502 772 1568 δ’
799 1505 846 1582 είς
869 1508 923 1588 ἔτη
948 1503 1036 1593 ζςύει,

272 1611 369 1698 κε’ρας
392 1612 429 1676 δὲ
452 1612 598 1696 φοβερὸν
620 1619 723 1676 πᾶσιν
746 1609 894 1695 ἑρπετοῖς
916 1614 1009 1697 φύει,

272 1718 424 1804 δένδροις
447 1717 577 1800 ὅμοιον,
600 1717 681 1801 κούχ
705 1717 803 1783 ὁποῖα
825 1730 892 1784 τῶν
914 1719 1079 1803 ταύρων.”

273 1827 307 1890 τί
328 1841 382 1890 σοι
405 1823 489 1907 λέγω
512 1825 552 1888 τά
574 1825 693 1903 πολλάς
716 1825 804 1907 πλήν
826 1822 995 1910 ἐκυρώθη,

271 1930 400 2014 μέλλεις
421 1929 449 1995 τ’
477 1929 635 1996 ἀνάσσειν
656 1932 788 2016 θηρίων
811 1930 1017 2017 ὀρειφοίτων.
1043 1935 1044 1940 ’
1158 1948 1193 1997 25

186 2089 188 2096 ι
273 2036 338 2103 τότ’
365 2036 408 2102 ἀν
430 2036 561 2119 γίνοιτο
584 2045 642 2119 τῆς
664 2036 830 2114 ἀλώπεκος
852 2041 976 2122 μνήμη,

273 2144 446 2227 δέσποινα,
470 2152 528 2227 τῆς
550 2161 604 2207 σοι
627 2152 725 2208 τοῦτο
748 2155 882 2228 πρῶτον
904 2145 1067 2229 εἰπούσης.

272 2249 363 2316 ταῦτ’
389 2246 506 2334 ήλθον.
530 2249 612 2313 ἀλλά
635 2259 744 2334 χαῖρε,
767 2250 916 2334 φιλτάτη.
962 2253 1093 2316 σπεύδω

183 2399 186 2404 ·
274 2358 356 2443 πρὸς
378 2357 437 2421 τὸν
451 2354 591 2439 ’λεὀντα,
614 2356 658 2438 μή
681 2356 782 2420 πάλιν
803 2379 844 2437 με
867 2360 986 2443 ζητήσῃ

275 2463 404 2550 (χρῆται
428 2464 490 2547 γὰρ
514 2462 593 2546 ἡμῖν
615 2463 663 2539 είς
685 2463 813 2528 ἅπαντα
836 2461 1061 2550 συμβούλοις),
1162 2482 1196 2531 30

275 2572 361 2636 δοκῶ
386 2568 500 2634 δὲκαὶ
523 2567 578 2653 σε’,
601 2567 733 2651 τέκνον,
757 2569 840 2634 εἴτι
863 2579 921 2652 τῆς
944 2573 1060 2656 γραίης

274 2682 418 2762 κεφαλῆς
441 2675 579 2752 ἀκούεις.
625 2672 745 2759 ἔπρεπέ
766 2692 819 2740 σοι
842 2677 1059 2762 παρεδρεύειν

274 2782 444 2848 ἐλθοῦσαν
467 2779 629 2870 αὐτῷκαὶ
652 2789 822 2847 πονοῦντα
842 2784 1038 2867 θαρσύνειν.

274 2892 313 2955 τά
336 2891 436 2975 μικρά
458 2890 568 2953 πείθει
591 2890 669 2964 τοὺς
691 2886 729 2954 ἐν
752 2886 903 2973 ἐσχάταις
926 2890 1037 2974 ὥραις·
1070 2947 1072 2952 ,

274 2995 377 3081 ψυχαὶ
400 2994 430 3060 δ’
457 2993 494 3061 ἐν
517 2995 722 3079 ὀφθαλμοῖσι
744 3006 812 3060 τῶν
834 2995 1084 3061 τελευτώντων.’
1162 3011 1197 3061 35

184 3173 187 3178 ,
275 3103 319 3179 ὣς
342 3098 412 3166 εἷπε
434 3103 549 3185 κερδώ.
585 3110 643 3184 τῆς
666 3099 696 3165 δ’
723 3100 741 3166 δ
764 3110 845 3178 νοῦς
867 3100 1043 3186 ἐχαυνώθη

276 3211 403 3292 λόγοισι
425 3217 627 3292 ποιητοῖσιν,
650 3202 733 3290 ήλθε
757 3207 787 3271 δ’
814 3209 861 3284 είς
884 3211 1000 3293 κοίλην

275 3319 449 3400 σπήλυγγα
470 3317 590 3400 θηρός,
612 3312 667 3378 καὶ
689 3315 726 3378 τὸ
748 3313 871 3395 μέλλον
894 3315 954 3380 οὐκ
977 3314 1059 3401 ᾔδει.

275 3422 360 3488 λέων
383 3421 413 3487 δ’
441 3420 494 3486 ἀπ’
522 3421 621 3504 εὐνῆς
643 3419 793 3496 ἀσκόπως
815 3418 1005 3506 ἐφορμήσας

276 3529 392 3606 ὄνυξιν
415 3526 506 3594 οὔατ’
533 3525 715 3608 ἐσπάραξεν
737 3526 900 3610 ἀκραίοις,
1162 3545 1197 3594 4⁰
