2668 3994
521 197 568 252 ιν.
587 200 784 250 Ammon.
1116 197 1157 262 13

148 357 224 412 filiae
237 373 290 426 per
303 374 385 412 auras
396 358 625 428 appropinquant
634 359 686 428 (τῆς
702 357 805 425 quibus
818 357 868 412 ille
881 361 942 412 tum
956 375 1004 411 our
1018 359 1047 414 et
1061 357 1159 425 quales

141 430 197 522 ιῆοτ
214 445 319 498 poenas
338 432 451 483 enarrat
464 430 510 499 (b).

384 580 431 640 1ι.
454 555 739 642 ΠΡοΜΗοωυΣ,

249 673 287 744 Ὦ
311 681 508 767 δῖοςαίθῆρ
531 683 585 746 καὶ
608 682 805 765 ταχύπτεροι
827 684 942 762 πνοαί,

254 799 411 868 ποταμῶν
432 810 467 852 τε
489 785 590 871 πηγαὶ
614 790 760 852 ποντίων
780 810 817 852 Ιτε
840 787 995 867 κυμάτων

255 884 445 977 ἀνῆριθμον
467 894 627 977 γέλασμα,
649 896 823 978 παμμῆτόρ
846 915 881 957 τε
904 902 960 976 γῆ,
1005 908 1007 912 ’

143 1027 165 1062 ,ἐ
255 1001 312 1065 καλ
332 1001 392 1065 τὸν
413 1004 586 1083 πανόπτην
608 1001 733 1064 κύκλον
754 999 851 1083 ῆλίου
875 1005 975 1064 καλῶ·

260 1106 376 1172 ἴδεσθέ
395 1105 429 1189 μ’
456 1099 513 1172 οἷα
531 1107 614 1191 πρὸς
637 1113 727 1173 θεῶν
748 1107 862 1190 πάσχω
885 1108 972 1182 θεός.
1142 1121 1158 1168 5

256 1211 417 1298 δέρχθηθ’
445 1215 530 1289 οἵαις
553 1215 712 1279 αίκίαισιν

257 1321 508 1403 διακναιόμενος
530 1321 590 1386 τὸν
611 1329 749 1406 μυριετῆ

255 1428 379 1511 χρόνον
402 1425 565 1492 ἀθλεύσω.

151 1561 166 1598 μ
255 1531 380 1598 τοιόνδ’
408 1533 426 1598 δ
449 1531 525 1608 νέος
547 1533 645 1616 ταγὸς
667 1533 825 1617 μακάρων

256 1638 364 1725 ἐξηῦρ’
392 1637 441 1704 ἐπ’
468 1637 540 1721 έμσί
563 1640 686 1720 δεσμὸν
709 1638 810 1722 ἀεικῆ.
1123 1654 1159 1704 10

255 1755 321 1829 φεῦ
345 1754 425 1830 φεῦ,
448 1747 485 1810 τὸ
508 1746 616 1831 παρὸν
638 1747 677 1810 τό
700 1743 727 1808 τ’
755 1744 975 1830 ἐπερχόμενον

257 1861 348 1934 πῆμα
371 1853 532 1936 στενάχω,
555 1861 600 1937 πῆ
623 1872 702 1917 ποτε
724 1853 863 1935 μόχθων

224 2016 231 2030 .
300 1960 360 2045 χρη
384 1957 527 2044 τέρματα
548 1957 647 2023 τῶνδ’
662 1957 840 2030 έπιτεῖλαι.

256 2069 363 2130 καίτοι
386 2069 421 2129 τί
440 2089 539 2149 φημι;
563 2065 670 2129 πάντα
692 2062 974 2148 προυξεπίσταμαι

259 2178 409 2255 σκεθρῶς
431 2173 472 2235 τά
494 2170 659 2256 μέλλοντ’,
683 2170 766 2237 ούδέ
784 2194 842 2252 μοι
864 2174 1039 2237 ποταίνιον
1127 2186 1160 2234 15

142 2324 146 2336 .
256 2276 335 2360 πῆμ’
362 2277 463 2343 οὐδὲν
484 2276 562 2360 ῆξει.
607 2279 668 2361 τῆν
690 2277 907 2362 πεπρωμένην
930 2273 966 2341 δὲ
989 2278 1050 2362 χρῆ

257 2379 356 2449 αἶσαν
379 2383 495 2470 φέρειν
517 2385 561 2460 ὡς
584 2385 703 2471 ῥᾷστα,
727 2382 950 2467 γιγνώσκονθ’
977 2384 1027 2448 ότι

256 2492 293 2556 τὸ
316 2499 374 2573 τῆς
398 2489 542 2574 ἀνάγκης
564 2487 630 2554 ἔστ’
658 2489 815 2575 ἀδῆριτου
838 2488 969 2567 σθένος.

257 2595 328 2661 ἀλλ’
355 2598 430 2661 οὔτε
454 2609 553 2680 σιγᾶν
577 2598 653 2662 οὔτε
675 2597 719 2680 μὴ
743 2606 842 2680 σιγᾶν
864 2598 965 2681 τύχας

257 2695 331 2768 οἷόν
353 2702 390 2767 τέ
410 2726 466 2784 μοι
488 2701 581 2767 τάσδ’
608 2702 686 2767 έστί.
731 2710 870 2786 θνητοῖς
892 2705 955 2789 γὰρ
979 2701 1059 2790 γέρα
1124 2719 1159 2766 κο

143 2863 146 2872 .
256 2810 369 2895 πορὼν
392 2808 549 2892 ἀνάγκαις
570 2807 677 2874 ταῖσδ’
706 2807 893 2892 ἐνέζευγμαι
915 2811 1027 2886 τάλας·

235 2918 584 3001 ,ναρθηκοπλήρωτον
607 2915 644 2980 δὲ
666 2921 821 3000 θηρῶμαι
843 2917 948 2999 πυρὸς
972 2973 975 2982 .

256 3023 365 3106 πηγὴν
386 3025 562 3102 κλοπαίαν,
585 3021 605 3105 ἣ
630 3022 828 3098 διδάσκαλος
849 3020 965 3105 τέχνης

255 3128 361 3212 πάσης
383 3131 515 3213 βροτοῖς
540 3126 667 3212 πέφηνε
690 3129 745 3193 καί
766 3127 868 3210 μέγας
890 3130 999 3212 πόρος.

256 3235 394 3300 τοιῶνδε
416 3235 533 3310 ποινάς
556 3234 820 3319 ἀμπλακημάτων
842 3237 922 3299 τίνω
1124 3248 1159 3298 κδ

143 3387 168 3406 ..
256 3341 450 3426 ὑπαιθρίοις
474 3341 607 3421 δεσμοῖς
628 3339 945 3422 πεπασσαλευμένος.

251 3440 288 3511 Ἀ
311 3442 345 3530 ἀ,

255 3560 305 3634 τίς
328 3556 409 3641 ἀχώ,
433 3555 483 3628 τίς
505 3552 591 3635 όδμά
613 3552 780 3639 προσέπτα
803 3552 836 3637 μ’
863 3552 1025 3638 ἀφεγγῆς,
