2668 3994
538 167 560 218 1.
579 166 770 216 ΗωΔεΡοΣ.
1144 161 1166 228 3

155 324 188 402 ἐς
200 328 307 390 πλόον
317 323 510 409 ἀρχομένοις
519 335 687 408 πομπαῖον
696 324 811 391 ἐλθεῖν
825 319 942 410 οὖρον·
957 323 1087 390 ἐοικότα
1100 325 1164 411 γὰρ

154 431 220 496 κάν
239 436 375 518 τελευτᾷ
398 430 561 517 φερτέρου
584 434 706 497 νόστου
729 441 849 516 τυχεῖν.
873 431 891 496 ὁ
916 431 953 497 δὲ
976 434 1074 515 λόγος
1174 447 1209 497 35

155 540 288 615 ταύταις
311 537 365 602 ε’πὶ
389 541 580 623 συντυχίαις
604 538 706 615 δόξαν
730 537 824 623 φέρει

155 645 272 710 λοιπὸν
294 642 452 710 ἔσσεσθαι
476 645 671 729 στεφάνοισί
691 670 747 710 νιν
770 645 883 722 ἵπποις
905 667 940 709 τε
962 646 1087 710 κλυτάν

154 750 209 816 καί
233 754 297 816 σὺν
319 752 485 835 εὐφώνοις
506 754 641 828 θαλίαις
663 751 861 833 ὀνυμαστάν.

156 860 259 924 Λύκιε
282 859 336 923 καλ
354 859 469 924 Δάλου
493 857 647 923 ἀνάσσων
667 859 782 941 Φοῖβε,
802 862 1005 942 Παρνασσοῦ
1029 882 1064 923 τε
1087 859 1165 945 κρά·

683 988 748 1030 ναν
771 967 963 1028 Κασταλίαν
986 963 1121 1049 φιλέων,

156 1071 330 1156 ἐθελήσαις
347 1079 450 1136 ταῦτα
467 1073 535 1159 νόῳ
554 1068 690 1153 τιθέμεν
709 1071 873 1156 εὔανδρόν
890 1094 925 1134 τε
943 1072 1062 1156 χώραν.
1113 1133 1114 1136 ,
1175 1085 1210 1134 40

155 1177 192 1242 έκ
209 1185 300 1243 θεῶν
317 1179 381 1263 γὰρ
400 1176 542 1262 μαχαναὶ
560 1186 663 1242 πᾶσαι
680 1174 832 1263 βροτέαις
850 1176 989 1262 ἀρεταῖς,
1064 1191 1165 1264 σιργῖ

155 1286 210 1349 καλ
233 1284 333 1369 σοφοὶ
351 1284 406 1348 καί
424 1285 516 1369 χερσί
534 1284 644 1367 βιαταλ
662 1285 888 1369 περίγλωσσοί
902 1282 930 1347 τ’
948 1281 1044 1368 ἔφυν.
1060 1285 1166 1369 ἀνδρα

793 1388 824 1452 δ’
843 1388 906 1472 ἐγὼ
930 1400 1042 1456 κεῖνον

156 1499 290 1582 αἰνῆσαι
312 1509 475 1580 μενοινῶν
498 1494 636 1579 ε’λπομαι

155 1605 199 1688 μὴ
231 1605 460 1690 χαλκοπάρᾳον
497 1601 615 1668 ἄκονθ’
656 1601 762 1668 ὡσείτ’
798 1602 927 1686 ἀγῶνος
957 1605 1073 1686 βαλεῖν
1104 1601 1164 1680 ἔξω

792 1711 924 1796 παλάμᾳ
949 1709 1085 1793 δονέων,

155 1819 263 1902 μακρά
286 1817 323 1882 δὲ
346 1817 459 1902 ῥίψαις
482 1814 664 1899 ἀμεύσασθ’
692 1815 833 1892 ἀντίους.
1174 1849 1208 1898 45

156 1926 185 1989 εί
204 1926 267 2010 γάρ
286 1923 304 1988 ὁ
324 1933 387 1999 πᾶς
404 1924 524 2007 χρόνος
542 1923 645 2006 όλβον
662 1923 723 2004 μὲν
738 1923 824 1987 ούτω
839 1923 894 1987 καὶ
907 1923 1054 1989 κτεάνων
1068 1925 1166 1988 δόσιν

366 2029 523 2111 εὐθύνοι,
545 2029 699 2111 καμάτων
722 2027 751 2092 δ’
775 2027 926 2094 ἐπίλασιν
948 2029 1120 2114 παράσχοι.

155 2131 176 2220 ἦ
199 2161 256 2202 κεν
279 2135 470 2219 ἀμνάσειεν,
495 2135 579 2211 οἵαις
602 2133 639 2200 έν
661 2135 817 2218 πολέμοιο
840 2136 958 2219 μάχαις
1060 2149 1163 2219 my<

156 2245 293 2326 τλάμονι
316 2250 406 2328 ψυχᾷ
423 2239 606 2326 παρέμειν’,
629 2240 714 2326 ἁνίχ’
737 2242 930 2327 εὑρίσκοντο
950 2249 1041 2307 θεῶν
1063 2241 1165 2306 παλά-

793 2372 869 2430 μαις
891 2349 999 2432 τιμάν,

157 2457 231 2526 οίαν
254 2457 346 2531 ούτις
363 2454 531 2521 Ἑλλάνων
554 2453 677 2540 δρέπει,

154 2564 303 2628 πλούτου
327 2559 512 2645 στεφάνωμ’
539 2559 715 2646 ἀγέρωχον.
748 2569 812 2626 νῦν
834 2562 960 2644 γεμοίν
983 2560 1045 2626 τάν
1065 2564 1179 2625 Φιλο-·

726 2670 845 2751 κτήταο
869 2668 966 2733 δίκαν
988 2665 1121 2750 ἐφέπων
1174 2701 1208 2748 50

156 2773 376 2860 ἐστρατεύθη·
399 2776 463 2838 σὺν
486 2772 516 2837 δ’
540 2773 666 2859 ἀνάγκᾳ
687 2775 732 2858 μὴ
756 2777 858 2857 φίλον

156 2885 213 2959 καί
238 2905 288 2957 τις
314 2879 379 2945 έὼν
404 2880 598 2965 μεγαλάνωρ
626 2878 752 2944 ἔσανεν.
793 2878 895 2964 φαντί
925 2880 962 2944 δὲ
985 2882 1165 2962 Λαμνόθεν

422 2985 508 3051 ἕλκει
530 2989 722 3071 τειρόμενον
744 2984 983 3068 μετανάξοντας
1006 2984 1120 3066 ἐλθεῖν

136 3094 269 3182 Ιἥρωας,
286 3091 463 3180 ἀντιθέους
487 3096 653 3168 Ποίαντος
674 3093 751 3158 υἱὸν
773 3090 923 3169 τοξόταν·
1078 3107 1162 3176 παρ’,
1241 3153 1242 3156 ,

157 3199 192 3277 ὃς
202 3200 369 3286 Πριάμοιο
379 3201 477 3273 πόλιν
486 3198 617 3284 πέρσεν,
626 3197 820 3266 τελεύτασέν
829 3223 864 3262 τε
872 3201 997 3276 πόνους
1006 3205 1163 3281 Δαναοῖς,

99 3362 101 3382 ÷
137 3305 294 3386 ῑάσθενεῖ
315 3306 377 3387 μὲν
398 3304 499 3392 χρωτὶ
523 3309 663 3390 βαίνων,
687 3305 770 3370 ἀλλά
792 3308 960 3392 μοιρίδιον
982 3300 1033 3389 ἦν.
1145 3338 1206 3386 ..55

153 3413 242 3492 οὕτω
267 3410 297 3485 δ’,
315 3411 441 3496 Ἱέρωνι
464 3413 544 3488 θεὸς
566 3411 720 3497 ὀρθωτὴρ
743 3409 838 3476 πέλοι

115 3548 118 3557 ’
156 3521 215 3585 τὸν
237 3517 466 3606 προσέρποντα
489 3521 625 3604 χρόνον,
648 3512 696 3583 ὧν
718 3515 845 3604 ἔραται,
868 3520 985 3605 καιρὸν
1007 3519 1133 3596 διδούς.

969 3623 1003 3675 2*
