2668 3994
536 102 580 156 xl.
600 105 809 156 εεοιιιιοιυι.
1131 103 1172 167 37

254 267 407 352 Σπάρτη,
429 268 535 352 πατήρ
560 262 597 330 δὲ
624 267 830 351 Τυνδάρεως·
854 264 945 332 ἔστιν
968 263 1004 330 δὲ
1028 267 1069 351 δή
1147 221 1154 298 “’

146 423 148 429 ,
254 375 352 458 γόνος
374 397 423 450 τις
446 375 489 450 ὡς
514 375 597 449 Ζεὺς
619 370 729 458 μητέρ’
756 370 864 438 ἔπτατ’
892 375 940 450 εἰς
961 370 1043 458 ἔμήν
1083 397 1085 402 ·

255 481 371 566 Λήδαν
393 481 518 546 κύκνου
541 477 732 565 μορφώματ’
759 481 898 565 ὄρνιθος
920 480 1046 564 λαβών,

255 587 292 665 ὃς
314 589 428 653 δόλιον
451 587 553 671 εὐνήν
575 585 720 672 ἐξέπραξ’
746 585 802 651 ὑπ’
829 587 927 652 ἀετοῦ

256 696 383 776 δίωγμα
406 694 555 778 φεύγων,
579 695 608 759 εί
631 695 738 777 σαφής
761 688 858 771 οὗτος
880 695 985 776 λόγος.
1141 708 1175 756 20

252 798 366 884 Ἑλένη
391 799 420 864 δ’
448 798 607 884 ἐκλήθην·
631 800 651 865 ἃ
675 796 711 865 δὲ
734 802 948 883 πεπόνθαμεν
970 801 1054 864 κακά

257 905 380 990 λέγοιμ’
407 908 458 973 ἄν.
503 903 612 991 ήλθον
633 917 721 992 τρεῖς
742 904 820 971 θεαὶ
843 907 985 983 κάλλους
1006 905 1081 991 πέρι

253 1012 377 1079 Ἰδαίου
399 1015 446 1090 είς
468 1011 634 1096 κευθμῶν’
658 1011 875 1099 Ἁλέξανδρον
897 1013 999 1100 πάρα,
1092 1049 1094 1072 ;

249 1119 338 1207 Ἥρα
361 1121 491 1205 Κύπρις
514 1143 549 1185 τε
572 1123 735 1204 Διογενής
757 1143 792 1185 τε
814 1118 997 1205 παρθένος,

257 1236 388 1314 μορφῆς
409 1225 571 1292 θέλουσαι
594 1227 858 1312 διαπεράνασθαι
881 1229 1000 1312 κρίσιν.
1144 1241 1177 1288 25

257 1333 383 1417 τούμὸν
405 1330 442 1399 δὲ
464 1334 597 1417 κάλλος,
620 1335 650 1399 εί
673 1334 776 1398 καλὸν
798 1334 835 1397 τὸ
858 1331 1032 1418 δυστυχές,

260 1440 392 1526 Κύπρις
413 1438 600 1526 προτείνασ’
628 1441 672 1516 ὡς
691 1437 904 1525 Ἀλέξανδρος
927 1450 1023 1523 γαμεῖ
1027 1488 1037 1523 ,

260 1555 348 1634 νικᾷ·
372 1549 478 1612 λιπὼν
502 1543 538 1612 δὲ
561 1544 746 1631 βούσταθμ’
769 1544 889 1623 Ἰδαῖος
911 1546 1019 1632 Πάρις

261 1654 421 1739 Σπάρτην
443 1652 576 1739 ἀφίκεθ’
605 1655 649 1730 ὡς
671 1652 751 1737 ἐμὸν
774 1657 905 1738 σχήσων
928 1652 1029 1738 λέχος.

252 1757 341 1845 Ἥρα
363 1761 401 1825 δὲ
422 1759 599 1844 μεμφθεῑσ
627 1759 735 1826 οὕνεκ’
763 1760 804 1825 ού
827 1769 905 1846 νικᾷ
926 1759 1021 1841 θεάς,
1148 1774 1181 1822 30

261 1862 442 1950 ἐξηνέμωσε
465 1865 537 1950 τᾶμ’
561 1865 764 1954 Ἀλεξάνδρῳ
787 1865 879 1950 λέχη,

263 1973 380 2037 δίδωσι
403 1971 432 2037 δ’
460 1973 521 2038 οὐκ
544 1970 606 2057 ἔμ’,
630 1971 700 2038 ἀλλ’
728 1971 904 2054 δμοιώσασ’
932 1970 1005 2054 ἐμοὶ

262 2081 401 2144 εἴδωλον
423 2077 571 2161 ἔμπνουν
593 2080 739 2165 ούρανοῦ
762 2077 909 2158 ξυνθεῑσ’
937 2081 1001 2145 άπο

262 2186 416 2271 Πριάμου
439 2187 591 2274 τυράννῳ
613 2188 720 2251 παιδί·
743 2185 798 2251 καλ
821 2187 912 2250 δοκεῖ
933 2184 966 2267 μ’
993 2183 1095 2271 ἔχειν,

262 2293 363 2376 κενήν
385 2294 536 2377 δόκησιν,
559 2293 621 2358 οὐκ
642 2290 735 2378 ἔχων.
780 2294 820 2357 τά
843 2290 875 2356 δ’
903 2288 945 2357 αὖ
968 2293 1051 2369 Διὸς
1150 2305 1182 2356 35

263 2398 459 2483 βουλεύματ’
487 2401 568 2465 ἄλλα
590 2400 701 2464 τοῖσδε
724 2401 899 2483 συμβαίνει
922 2409 1046 2476 κακοῖς·
1099 2467 1101 2474 ,

263 2508 407 2588 πόλεμον
429 2508 492 2592 γὰρ
515 2508 704 2590 εἰσήνεγκεν
721 2503 889 2590 Ἐλλήνων
912 2503 1011 2590 χθονὶ

264 2611 318 2678 καὶ
343 2611 450 2699 Φρυξί
473 2615 701 2696 δυστήνοισιν,
725 2613 769 2690 ὡς
791 2615 891 2697 ὄχλου
915 2616 1045 2697 βροτῶν

265 2723 416 2803 πλήθους
438 2743 473 2784 τε
495 2722 666 2803 κουφίσειε
688 2717 812 2804 μητέρα
830 2721 938 2802 χθόνα

265 2829 394 2910 γνωτόν
416 2851 450 2892 τε
472 2829 549 2910 θείη
573 2828 632 2891 τὸν
655 2826 830 2912 κράτιστον
849 2823 1012 2903 Ἑλλάδος.
1150 2841 1185 2890 4ο

268 2935 413 3018 Φρυγῶν
436 2931 465 2998 δ’
492 2931 526 3008 ἔς
549 2932 652 3016 ἀλκήν
674 2931 880 3019 προύτέθην,
904 2930 967 3015 ἐγὼ
989 2928 1051 3014 μὲν
1074 2932 1130 3016 οὔ,

266 3041 302 3104 τὸ
327 3037 355 3103 δ’
383 3041 488 3121 ὄνομα
510 3041 649 3122 τούμύν,
671 3033 782 3105 ἆθλον
794 3037 953 3123 Ἕλλησιν
975 3038 1081 3124 δορός.

267 3146 378 3229 λαβὼν
400 3144 439 3211 δέ
459 3143 491 3227 μ’
515 3143 634 3230 Ἑρμῆς
656 3143 693 3211 ἔν
715 3155 892 3230 πτυχαῖσιν
914 3143 1049 3230 αίθέρος
1127 3201 1145 3220 ,,

267 3250 388 3338 νεφέλη
411 3253 560 3330 καλύψας
583 3249 637 3339 (οὐ
661 3252 723 3338 γάρ
746 3247 889 3335 ήμίλησέ
909 3276 973 3335 μου
1119 3256 1120 3260 ’

269 3356 367 3445 Ζεύς)
389 3358 479 3425 τόνδ’
506 3357 540 3436 ἐς
562 3353 656 3424 οἶκον
679 3357 842 3444 Πρωτέως
864 3358 1036 3444 ἱδρύσατο,
1152 3375 1186 3422 45

267 3466 401 3530 πάντων
422 3468 602 3563 προκρίνας
625 3464 898 3553 σωφρονέστατον
920 3468 1065 3550 βροτῶν,
