2668 3994
499 115 571 168 XVI.
590 118 799 168 mmmm.
1111 112 1154 178 47

237 289 321 359 μισῶ
345 288 520 361 γυναῖκας,
544 278 667 354 αἵτινες
688 279 752 364 πρὸ
775 287 835 342 τοῦ
859 282 961 342 καλοῦ
1122 291 1157 341 3⁰

236 385 368 449 εἴλοντο
391 385 511 461 παῖδας
532 383 587 449 καὶ
609 381 799 472 παρῄνεσαν
821 384 913 449 κακά.

236 489 291 556 καὶ
313 492 380 575 μὴν
401 493 564 568 θανόντες
585 490 616 575 γ’
642 489 680 556 ἐν
702 491 786 576 μάχῃ
808 494 941 556 πολλῶν
963 488 1042 576 μέτα

236 599 365 681 τύμβον
385 621 421 663 τε
444 599 559 663 κοινὸν
582 600 701 683 ἔλαχον
723 598 874 663 εὔκλειάν
896 597 924 662 τ’
953 603 1041 681 ῖσην·

237 705 320 790 τήμῇ
344 705 381 770 δὲ
402 690 496 769 παιδὶ
519 702 682 788 στέφανος
705 695 752 782 εἷς
773 713 833 792 μιᾷ
854 706 938 790 μόνῃ

236 813 362 887 πόλεως
383 812 537 898 θανούσῃ
560 809 653 895 τῆσδ’
679 810 952 897 ὑπερδοθόσεται.

238 915 291 982 καλ
315 919 376 1001 τὴν
398 925 561 983 τεκοῦσαν
583 915 638 982 καὶ
662 918 699 983 σὲ
722 919 784 982 δύο
807 915 843 981 θ’
871 917 1044 1002 δμοσπόρω

238 1025 349 1089 σώσει·
372 1027 407 1089 τί
426 1025 554 1089 τούτων
578 1023 652 1109 οὐχὶ
676 1022 835 1102 δέξασθαι
857 1026 972 1104 καλόν;

237 1132 298 1214 τὴν
320 1131 382 1195 οὐκ
405 1128 486 1215 ἐμὴν
509 1133 596 1215 πλὴν
618 1130 638 1213 ἢ
662 1132 762 1215 φύσει
786 1131 882 1196 δώσω
905 1133 1009 1217 κόρην

237 1243 342 1302 θῦσαι
363 1238 428 1323 πρὸ
450 1240 554 1320 γαίας.
585 1238 615 1302 ελ
637 1239 700 1323 γάρ
723 1238 935 1323 αἱρεθήσεται

237 1346 345 1428 πόλις,
368 1347 402 1409 τί
422 1345 551 1408 παίδων
573 1355 641 1408 τῶν
654 1342 752 1427 ,ἐμῶν
773 1342 906 1426 μέτεστί
925 1368 995 1427 μοις

238 1451 299 1514 οὐκ
322 1445 385 1516 οὖν
407 1451 535 1516 ἅπαντα
557 1451 639 1516 τοόν
661 1449 691 1533 γ’
718 1448 790 1534 ἐμοὶ
813 1453 1012 1534 σωθήσεταις

238 1555 397 1642 ἄρξουσιν
420 1558 528 1640 ἄλλοι,
550 1555 642 1640 τήνδ’
669 1555 733 1641 ἐγὼ
757 1558 852 1622 σώσω
874 1559 981 1622 πόλιν.

106 1699 110 1706 ·
238 1661 344 1728 ἐκεῖνο
368 1662 412 1747 δ’,
436 1659 476 1728 οὗ
499 1664 536 1728 τὸ
559 1667 715 1729 πλεῖστον
738 1662 775 1728 έν
797 1671 899 1752 κοινῷ
917 1661 1030 1749 μέρος,

239 1769 301 1834 οὐκ
323 1767 397 1833 ἔσθ’
424 1768 563 1853 ἑκούσης
584 1778 641 1853 τῆς
664 1768 742 1853 ἐνῆς
764 1779 871 1856 ψυχῆς
894 1769 977 1856 ἀνὴρ

238 1878 414 1961 προγόνων
437 1878 560 1941 παλαιά
580 1875 691 1960 θέσμι’
719 1876 809 1953 ὅστις
831 1875 973 1960 ἐκβαλεῖ·

172 2005 173 2010 ’
239 1981 310 2048 οὐδ’
337 1981 408 2047 ἀντ’
435 1980 531 2060 ἐλάας
553 1983 695 2069 χρυσέας
717 2007 751 2048 τε
775 1985 943 2069 Γοργόνος

239 2092 391 2175 τρίαιναν
413 2089 521 2175 ὀρθὴν
544 2100 669 2155 στᾶσαν
691 2088 729 2155 έν
750 2092 875 2166 πόλεως
897 2090 1038 2176 βάθροις

177 2191 179 2196 ’
239 2196 415 2280 Εὔμολπος
437 2193 516 2262 οὐδὲ
541 2196 630 2284 Θρᾷξ
654 2195 830 2274 ἀναστένει
853 2197 935 2274 λεὼς

240 2304 448 2388 στεφάνοισι,
472 2305 607 2381 Παλλὰς
630 2303 660 2369 δ’
687 2304 836 2387 οὐδαμοῦ
859 2306 1036 2386 τιμήσεται.

239 2409 371 2494 χρῆσθ’,
395 2407 421 2476 ὦ
443 2415 590 2494 πολῖται,
617 2421 688 2487 τοῖς
709 2409 1035 2495 όμοῖςλοχεύμασιν,

240 2513 396 2604 σώζεσθε,
420 2515 541 2582 νικᾶτ’·
565 2515 639 2582 ἀντὶ
662 2519 725 2603 γάρ
748 2526 855 2603 ψυχῆς
876 2526 953 2600 μιᾶς

240 2623 301 2688 οὐκ
325 2621 398 2687 ἔσθ’
425 2623 512 2700 ὅπως
533 2623 614 2707 ὑμῖν
637 2622 701 2708 ἐγὼ
724 2623 764 2690 οὐ
788 2626 883 2690 σώσω
907 2626 1013 2688 πόλιν.

240 2725 266 2794 ώ
288 2731 419 2814 πατρίς,
442 2731 515 2796 εθθε
537 2731 671 2813 πάντες,
695 2733 730 2796 οἳ
748 2733 883 2796 ναίουσί
900 2748 946 2814 σε,

240 2835 326 2900 οὕτω
350 2840 482 2920 φιλοῖεν
505 2837 549 2914 ώς
572 2836 649 2921 ἐγώ·
673 2836 727 2902 καὶ
751 2837 873 2924 ῥᾳδίως
962 2845 964 2850 ’

241 2944 387 3025 οἰκοῖμεν
410 2945 453 3008 όλν
476 2961 527 3028 σε,
550 2941 672 3010 κούδὲν
694 2943 737 3009 άν
758 2945 896 3029 πάσχοις
918 2947 1028 3009 κακόν.
1126 2957 1160 3006 σε

204 3065 290 3132 XVI.
323 3065 411 3143 Quae
432 3067 637 3151 potissimum
659 3068 745 3134 vitae
767 3069 850 3134 ratio
874 3068 1036 3152 sequenda
1057 3068 1108 3132 sit.

302 3170 456 3241 (Euxipidis
475 3171 625 3226 Erechthei
642 3171 741 3243 fragm.
758 3178 810 3227 364
830 3172 872 3226 οδ,
890 3171 1010 3237 Nauck.)

236 3259 364 3347 Ὀρθῶς
384 3261 419 3346 μ’
445 3261 578 3350 ἐπήρου.
600 3265 762 3348 βούλομαι
785 3263 824 3329 δέ
846 3281 913 3348 σοι,
936 3263 1068 3347 τέκνον,
1082 3301 1127 3310 -

240 3379 376 3454 φρονεῖς
398 3372 462 3456 γὰρ
484 3372 547 3455 ἤδη
570 3370 769 3436 αάποσώσαι’
796 3370 838 3436 άν
860 3373 982 3457 πατρός

241 3476 372 3558 γνώμας
395 3476 597 3561 φράσαντος,
620 3475 663 3560 ἣν
685 3477 780 3542 θάνω
805 3515 846 3524 -
870 3475 1066 3563 παραινέσαι
