2668 3994
515 120 574 173 XII.
593 123 803 173 ΕΤΡΙΓΠΔΗΣ.

221 284 258 347 τὸ
281 295 375 366 σῶμα
395 283 535 366 τούμόν,
558 284 638 369 ὅπερ
660 281 787 348 ἔτικτεν
808 285 868 367 ἥδε
891 301 958 367 σοι,

220 392 265 472 μή
287 388 320 473 μ’
347 389 511 476 ἀπολέσῃς
532 392 655 476 ἀωρον·
679 391 743 475 ἡδὺ
766 393 829 477 γάρ
852 392 889 455 τὸ
913 403 985 475 φῶς
1092 405 1100 448 ’.

221 498 451 562 λεύσσειν·τά
473 495 503 562 δ’
529 498 595 562 ὑπὸ
618 507 679 581 γῆς
700 501 745 581 μή
770 496 803 581 μ’
832 499 917 563 ίδεῑν
938 498 1134 583 ἀναγκάσῃς.

220 606 332 690 πρώτη
355 603 385 668 σ’
412 602 550 669 ἐκάλεσα
572 604 697 689 πατέρα
719 603 774 669 καλ
797 607 840 669 σὺ
862 603 953 685 παῑδ
980 603 1072 688 ἐμέ·’
1132 620 1165 668 10

220 713 332 797 πρώτη
356 712 394 776 δὲ
415 713 533 793 γόνασι
557 721 645 776 σοῖσι
667 723 761 795 σῶμα
784 711 877 776 δοῦσ
904 710 984 795 ἐμὸν

222 820 322 902 φίλας
342 819 477 904 χάριτας
498 815 606 883 ἔδωκα
628 816 878 902 κάντεδεξάμην.

222 927 320 1008 λόγος
341 922 371 989 δ
399 925 417 991 δ
440 925 501 1008 μέν
523 926 582 1002 σὸς
603 919 646 1007 ἦν
669 923 719 990 ὅδ’
729 945 736 958 ·
761 920 837 1011 “ἀρά
859 923 904 1008 σ’,
928 921 954 990 ὦ
975 923 1109 1008 τέκνον,

221 1029 389 1115 εὐδαίμον’
416 1031 538 1117 ἀνδρὸς
560 1029 598 1096 ἐν
620 1033 774 1115 δόμοισιν
796 1034 932 1115 ὄψομαι,

223 1138 329 1217 ζῶσάν
350 1162 386 1204 τε
408 1137 463 1203 καί
486 1139 681 1204 θάλλουσαν
703 1137 801 1216 ἀξίως
822 1137 929 1222 έμοῦ;’
1132 1155 1164 1201 15

222 1245 323 1328 οὑμὸς
345 1243 375 1310 δ’
402 1243 451 1311 ὅδ’
477 1241 520 1329 ἦν
543 1239 585 1310 αὖ
607 1244 684 1332 περὶ
707 1247 768 1310 σὸν
790 1243 1013 1331 ἐξαρτωμένης
1096 1292 1099 1300 .

222 1351 365 1435 γένειον,
389 1346 429 1419 οὗ
452 1362 517 1418 νῦν
540 1352 753 1435 ἀντιλάζυμαι
775 1355 859 1438 χερί·

222 1458 268 1523 (τί
288 1457 318 1523 δ’
345 1453 397 1544 ἀρ’
425 1457 489 1543 ἐγὼ
512 1458 564 1542 σέ,
586 1457 737 1545 πρέσβυν
759 1454 810 1545 ἀρ’
838 1457 1023 1541 εἰσδέξομαι

222 1563 310 1648 ἐμῶν
332 1569 484 1650 φίλαισιν
506 1566 687 1650 ὑποδοχαῖς
709 1568 835 1648 δόμων,
857 1565 974 1651 πάτερ,

221 1674 334 1737 πόνων
355 1679 507 1757 τνθηνῶν
529 1673 736 1740 ἀποδιδοῦσά
758 1689 811 1738 σοι
833 1672 957 1759 χάριν;’

221 1759 349 1844 τούτου
372 1778 436 1863 ἐγὼ
458 1776 520 1863 μὲν
542 1791 609 1846 τῶν
632 1782 742 1864 λόγων
762 1783 894 1864 μνήμην
917 1777 994 1865 ἔχοι,

223 1889 264 1950 σὺ
289 1883 318 1950 δ’
346 1884 549 1970 ἐπιλέλησαι,
573 1889 631 1951 καί
650 1885 682 1969 μ’
710 1886 899 1952 ἀποκτείναι
921 1885 1041 1962 θέλεις.

221 1995 264 2076 μὴ
286 1995 369 2079 πρός
391 2011 427 2058 σε
451 1992 603 2070 Πέλοπος
625 1993 680 2058 καὶ
702 1994 784 2079 πρὸς
802 1991 939 2079 Ἀτρέοις
960 1993 1083 2078 πατρὸς

222 2099 276 2164 καί
298 2102 397 2183 τῆσδε
419 2103 557 2186 μητρός,
580 2100 600 2184 ἣ
623 2099 704 2186 πρὶν
727 2097 882 2165 ὠδίνουσ)
910 2096 966 2183 ἐμὲ

221 2215 287 2272 νῦν
310 2206 468 2293 δευτέραν
491 2207 596 2272 ὠδῖνα
618 2208 717 2291 τήνδε
740 2206 908 2290 λαμβάνει.
1130 2221 1164 2268 25

222 2316 257 2377 τί
276 2338 332 2397 μοι
354 2312 483 2398 μέτεστι
506 2326 573 2379 τῶν
592 2312 809 2399 Ἀλεξάνδρου
833 2313 947 2397 γάμων

218 2417 351 2504 Ἑλένης
373 2444 421 2500 τε;
444 2423 553 2486 πόθεν
575 2417 651 2505 ἦλθ’
679 2418 728 2485 ἐπ’
755 2419 885 2508 ὀλέθρῳ
908 2419 1019 2506 τώμῷ,
1042 2419 1156 2506 πάτερ;

222 2526 348 2611 βλέψον
369 2528 451 2614 πρὸς
473 2527 570 2611 ἡμᾶς,
593 2529 680 2610 όμμα
703 2528 760 2604 δὸς
782 2525 908 2611 φίλημά
930 2549 979 2609 τε,

222 2632 266 2698 ἵν’
294 2634 376 2700 ἀλλὰ
398 2643 497 2699 τοῦτο
520 2632 722 2700 κατθανοῦσ)
750 2631 812 2719 έχω
835 2633 937 2699 σέθεν

221 2751 395 2826 μνημεῖον,
419 2743 448 2806 εί
470 2745 514 2826 μὴ
537 2751 607 2817 τοῖς
628 2739 719 2824 ἐμοῖς
739 2744 850 2806 πείθει
873 2743 992 2825 λόγοις.
1131 2755 1165 2804 30

191 2891 193 2896 ·
223 2846 360 2932 ἀδελφέ,
381 2850 498 2934 μικρὸς
519 2846 581 2932 μέν
604 2851 646 2915 σύ
669 2847 699 2933 γ’
726 2847 901 2934 ἐπίκουρος
923 2850 1047 2932 φίλοις,

222 2955 308 3038 ὅμως
330 2955 369 3020 δὲ
392 2957 640 3042 συνδάκρυσον,
664 2955 832 3021 ἱκέτευσον
854 2955 977 3041 πατρὸς

222 3063 284 3145 τὴν
306 3063 369 3146 σὴν
392 3062 541 3146 ἀδελφὴν
563 3064 606 3146 μη
629 3069 762 3128 θανεῖν·
786 3063 934 3146 αἴσθημά
956 3085 1007 3127 τοι

221 3168 284 3233 κάν
307 3171 437 3253 νηπίοις
459 3193 497 3252 γε
518 3181 586 3234 τῶν
608 3181 718 3235 κακῶν
740 3167 934 3254 ἐγγίγνεται.

224 3277 298 3341 ἰδοὺ
322 3288 456 3342 σιωπῶν
480 3274 677 3342 λίσσεταίσ
706 3274 769 3359 ὅδ’,
793 3272 819 3340 ὦ
841 3276 951 3360 πάτερ.
1131 3289 1164 3337 35

223 3381 292 3447 ἀλλ’
320 3384 452 3448 αίδεσαί
471 3407 511 3467 με
534 3382 588 3448 καί
610 3384 834 3467 κατοίκτειρον
856 3383 940 3465 βίον.

222 3492 292 3574 ναί,
314 3491 396 3576 πρὸς
419 3493 548 3573 γενείου
571 3487 601 3554 d
629 3489 817 3572 ἀντόμεσθα
841 3489 902 3554 δύο
925 3489 1027 3571 φίλοι,
