2668 3994
172 131 215 196 52
523 130 594 183 m.
616 131 830 184 οΕοΚΡΙΤοΣ.

178 297 236 359 καί
257 295 289 359 ολ
302 291 364 374 ‚aaz
388 294 518 379 δριμεῖα
540 294 621 378 χολά
642 291 718 358 ποτὶ
741 290 810 377 ῥινὶ
833 293 984 376 κάθηται.

179 401 263 465 ἄλλά
279 402 324 466 τι)
347 401 409 486 γάρ
430 400 490 483 δή,
516 400 638 485 Θάρσι,
662 401 701 463 τά
724 399 901 482 Δάφνιδος
922 396 1011 482 ἄλγε’
1039 398 1146 475 άείθες

177 505 233 571 καλ
255 515 313 583 τᾶς
334 508 532 590 βουκολικᾶς
554 504 608 571 έπλ
629 507 666 570 τὸ
689 505 791 572 πλέον
814 506 882 571 ἵκεο
905 507 1051 581 Μοίσας·
1154 521 1190 572 20

178 610 270 699 δεῦρ’
296 613 360 678 ὑπὸ
381 611 606 678 τάνιπτελέαν
629 610 817 695 έσθώμεθα,
840 623 885 676 τῶ
908 635 943 676 τε
966 615 1107 697 Πριήπω

177 719 232 785 καλ
254 729 317 784 τᾶν
339 718 541 804 Κρονιάδων
562 720 791 802 κατεναντίον,
815 709 897 804 ᾇπερ
920 718 939 783 ὁ
963 724 1074 794 θῶκος

177 835 276 910 τῆνος
299 826 316 892 ὁ
339 826 529 908 ποιμενικὸς
550 822 605 890 καὶ
628 823 682 890 ταὶ
705 826 812 910 δρύες.
836 827 869 890 αί
893 823 932 888 δέ
953 823 983 889 κ’
1010 824 1135 910 άείσχς,

177 934 221 1010 ὡς
244 933 304 998 ὅκα
326 933 385 996 τὸν
408 932 562 1014 Λιβύαθε
584 930 660 995 ποτὶ
683 934 812 1018 Χρόμιν
836 923 916 1018 ᾅσας
938 929 1094 1017 έρίσθων,

178 1035 256 1122 αἶγα
279 1037 318 1104 δέ
338 1062 390 1103 τοι
413 1039 509 1102 ὃωσῶ
533 1038 756 1119 θιθνματόκον
779 1036 812 1114 ἐς
834 1036 905 1123 τρὶς
928 1035 1075 1120 άμέλξαι,
1153 1053 1189 1100 25

178 1146 198 1211 ἃ
222 1143 275 1210 δύ’
302 1142 402 1228 ἔχοισ’
428 1141 553 1228 ἐρίφοις
574 1141 811 1227 ποταμέλγεται
834 1141 867 1220 ἐς
890 1143 952 1208 δύο
975 1141 1109 1227 πέλλας,

177 1251 232 1318 καὶ
255 1253 347 1336 βαθὺ
370 1251 546 1334 κισσύβιον
569 1248 792 1330 κεκλασμένον
815 1249 889 1314 άθέῑ
910 1257 1010 1338 κηρῷ,

177 1359 323 1442 ἀμφῶες,
346 1355 529 1440 νεοτευχές,
553 1359 600 1421 ἔτι
624 1357 809 1440 νλυφάνοιο
832 1357 1005 1421 ποτόσδον.

176 1477 220 1530 τῶ
244 1463 325 1551 περὶῚ
341 1465 402 1546 μὲν
425 1466 515 1548 χείλη
539 1463 698 1548 μαράεται
721 1462 830 1541 ὑψόθε
854 1465 981 1546 κισσός,

176 1573 289 1648 κισσὸς
312 1569 474 1656 ἑλιχράσῷ
492 1568 736 1655 κεχροϊσμένος·
759 1568 836 1634 άθὲ
854 1568 923 1634 κατ’
946 1569 1057 1634 αὐτῶν
1152 1586 1189 1635 30

175 1686 290 1764 καρπῷ
313 1675 379 1754 ἕλιξ
404 1677 537 1741 εἱλεῖται
561 1674 767 1760 άγαλλομένα
789 1678 967 1761 κροκόεντι.

176 1788 337 1850 ἔντοσθεν
360 1783 397 1848 δέ
420 1783 521 1867 γυνά,
544 1780 576 1846 τὶ
598 1789 690 1847 θεῶν
713 1783 891 1866 δαίθαλμα,
914 1781 1079 1866 τέτυκται,

175 1891 299 1975 ιἰσκητά
321 1889 433 1977 πέπλῳ
456 1912 490 1953 τε
513 1887 568 1954 καὶ
591 1890 725 1970 ἄμπυκι.
769 1889 835 1974 πάρ
860 1887 899 1953 δέ
919 1890 951 1953 ολ
975 1891 1094 1975 ἄνδρες

174 1995 524 2082 καλὸνέθειράζοντες
547 1993 720 2079 ἀμοιβαδὶς
743 1996 888 2060 άλλοθεν
911 1997 1010 2073 ἄλλος

174 2102 349 2169 νεικείουσ
371 2101 509 2167 ἐπέεσσι.
532 2099 679 2166 τάδ”οὐ
699 2103 821 2187 φρενὸς
839 2103 973 2167 ἅπτεται
993 2103 1105 2180 αὐτᾶς·
1151 2119 1187 2167 35

175 2209 246 2275 ἀλλ’
273 2209 333 2275 ὅκα
347 2210 417 2292 μὲν
438 2218 541 2291 τῆνον
563 2206 789 2294 ποτιδέρκεται
813 2209 919 2294 ἄνδρα
942 2213 1079 2293 γελᾶσα,

174 2318 297 2382 άλλοκα
316 2315 348 2380 θ’
371 2310 413 2381 αὖ
432 2312 508 2380 ποτλ
526 2316 586 2380 τὸν
605 2315 713 2400 ῥιπτεῖ
731 2318 818 2380 νόον.
852 2316 883 2380 ολ
903 2314 933 2379 θ’
955 2315 1011 2381 ὑπ’
1033 2318 1154 2401 ἔρωτος

175 2425 264 2506 δηθά
286 2424 538 2499 κνλοιθιόωντες
561 2420 679 2488 ἐτώσια
701 2424 901 2505 μοχθίζοντι.

174 2531 238 2606 τὼς
260 2530 297 2594 δὲ
312 2531 400 2612 μετὰ
423 2529 560 2614 γριπεάς
581 2551 616 2594 τε
639 2527 747 2614 γέρων
769 2527 872 2614 πέτρα
893 2552 928 2593 τε
950 2526 1101 2594 τέτυκται

174 2637 304 2722 λεπράς,
323 2634 376 2720 ἐφ’
395 2627 583 2722 ᾆσπεύθων
601 2633 684 2719 μέγα
703 2636 839 2700 δίκτυον
856 2632 891 2711 ές
908 2636 1011 2719 βόλον
1028 2634 1115 2702 ἕλκει
1151 2653 1188 2702 40

175 2743 193 2808 ὁ
216 2741 376 2827 πρέσβυς,
398 2741 558 2823 κάμνοντι
580 2741 617 2805 τὸ
640 2741 800 2827 καρτερὸν
824 2739 921 2827 άνθρὶ
945 2740 1065 2819 ἐοικώς.

174 2851 275 2934 φαίης
297 2872 355 2913 κεν
378 2850 484 2932 γυίων
506 2871 563 2912 νιν
586 2848 666 2912 ὅσον
687 2846 811 2925 σθένος
833 2846 1050 2914 έλλοπιεύειν·

174 2950 241 3020 ὧδέ
262 2956 294 3020 ολ
317 2953 479 3044 ῷθήκαντι
501 2952 572 3020 κατ’
599 2953 721 3040 αὐχένα
743 2954 913 3020 πάντοθεν
937 2950 1004 3031 ἶνες

173 3061 229 3128 καὶ
251 3066 356 3150 πολιῷ
379 3083 439 3147 περ
463 3059 564 3126 ἐόντι·
587 3062 624 3125 τὸ
647 3062 684 3126 δὲ
707 3059 829 3138 σθένος
852 3059 945 3138 άξιον
967 3061 1056 3144 ἥβας.

173 3170 300 3235 τυτθὸν
324 3167 354 3232 θ’
381 3168 483 3233 ὅσσον
506 3169 642 3232 άποιθεν
665 3167 853 3253 άλιτράτοιο
877 3165 1032 3253 γέροντος
1150 3184 1186 3232 45

173 3278 351 3362 πυρραίαις
373 3279 573 3358 σταφυλαῑσι
597 3275 699 3339 καλὸν
721 3273 882 3360 βέβριθεν
906 3274 1010 3358 άλωά,

174 3384 235 3447 τὰν
258 3382 369 3466 ὀλίγος
391 3405 440 3458 τις
462 3392 569 3466 κῶρος
590 3377 643 3464 ἐφ’
671 3381 854 3463 αἱμασιαίσι
878 3381 1041 3465 φυλάσσει

174 3488 305 3572 ἥμενος·
328 3486 413 3572 ἀμφὶ
437 3486 476 3552 δέ
497 3511 552 3553 νιν
575 3484 628 3551 δύ’
655 3486 833 3570 ἀλώπεκες,
857 3486 877 3552 ά
899 3488 961 3570 μὲν
984 3486 1035 3552 ἀν’
1058 3489 1163 3573 ὄρχος
