2668 3994
545 177 576 230 x.
596 179 804 228 ενΡιΠιΔΗΣ.
1137 175 1182 240 35

261 341 282 407 ἀ
305 339 334 406 δ’
362 339 428 406 ἔστ’
455 343 563 424 ἀσημα
584 339 646 404 κού
670 350 784 423 σαφῶς
805 339 1049 422 γιγνώσκομεν,
1133 391 1135 394 .

260 450 308 526 είς
320 456 387 536 πῦρ
406 446 582 532 βλέποντες
600 445 754 511 καὶκατὰ
774 446 971 530 σπλάγχνων
988 446 1112 531 πτύχας
1147 463 1182 510 40

228 553 232 562 ⁴
259 556 393 639 μάντεις
414 555 698 640 προσημαίνουσιν
721 554 850 618 οἰωνῶν
872 550 900 615 τ’
927 553 1000 618 ἀπο.
1109 601 1112 606 -
1163 584 1166 588 ·

260 656 311 747 ἀρ’
339 661 380 726 ού
403 673 582 748 τρυφῶμεν
602 667 687 726 θεοῦ
710 661 915 743 κατασκευὴν
938 662 1000 746 βίφ
1081 705 1083 712 ›

261 770 378 845 δόντος
400 769 572 853 τοιαύτην,
596 759 684 834 οἷσιν
708 767 769 834 οὐκ
791 767 885 853 ἀρκεῖ
906 767 998 845 τάδε;

261 873 331 940 ἀλλ’
358 876 378 959 ἡ
401 877 563 961 φρόνησις
584 883 643 941 τοῦ
665 881 750 940 θεοῦ
773 877 884 956 μεῖζον
906 871 1042 938 σθένειν

261 985 360 1066 ζητεῖ,
383 983 420 1047 τὸ
443 991 570 1067 γαῦρον
594 979 623 1046 δ’
650 979 689 1046 ἐν
711 979 832 1067 φρεσὶν
854 979 1045 1064 κεκτημένοι
1146 995 1180 1043 45

260 1089 424 1171 δοκοῦμεν
447 1083 532 1153 εἶναι
556 1089 725 1170 δαιμύνών
747 1088 940 1172 σοφώτεροι.

258 1189 297 1277 ἧς
320 1193 374 1259 καί
398 1198 440 1260 σὺ
456 1197 576 1279 ,φαίνει
600 1194 738 1271 δεκάδος
761 1195 801 1260 ού
824 1194 928 1278 σοφὸς
948 1195 1067 1277 γεγώς,

259 1300 349 1378 ὅστις
370 1303 470 1387 κόρας
491 1298 553 1383 μὲν
575 1302 758 1385 θεσφάτοις
783 1303 910 1385 Φοίβου
935 1299 1041 1382 ζυγεὶς

261 1406 406 1485 ξένοισιν
428 1402 485 1472 ὧδ’
513 1405 638 1484 ἔδωκας
661 1409 704 1484 ὡς
727 1408 855 1471 δόντων
876 1413 981 1472 θεῶν·

259 1515 306 1591 είς
329 1511 366 1580 δὲ
389 1517 563 1600 στρατείαν
585 1515 711 1591 πάντας
728 1512 897 1599 Ἀργείους
920 1515 1024 1597 ἀγών,
1146 1530 1181 1577 50

257 1622 408 1703 μάντεων
431 1624 596 1704 λεγόντων
618 1619 774 1705 θέσφατ’,
797 1617 855 1686 εἶτ’
882 1620 1039 1703 ἀτιμάσας

258 1731 316 1814 βίηι
337 1729 516 1813 παρελθών
538 1729 642 1804 θεοὺς
663 1727 832 1804 ἀπώλεσας
853 1730 967 1810 πόλιν,

258 1833 347 1911 νέοις
368 1836 565 1920 παραχθείς,
588 1834 709 1910 οἵτινες
730 1835 908 1916 τιμώμενοι

258 1943 410 2027 χαίρουσι
433 1940 596 2024 πολέμους
618 1939 645 2006 τ’
673 1939 849 2018 αύξάνουσ’
877 1941 957 2005 ἀνευ
980 1942 1086 2024 δίκης,

259 2050 457 2133 φθείροντες
479 2047 613 2130 ἀστούς,
637 2045 655 2111 δ
677 2043 738 2128 μὲν
761 2046 848 2123 ὅπως
871 2051 1087 2132 στρατηλατῇ,
1146 2062 1180 2111 55

258 2152 277 2218 ὃ
301 2151 331 2217 δ’
358 2154 402 2230 ώς
424 2153 539 2239 ὑβρίζη
563 2154 707 2235 δύναμιν
730 2155 778 2230 είς
799 2162 910 2238 χεῖρας
932 2155 1057 2237 λαβών,

258 2262 356 2336 ἀλλος
379 2256 416 2324 δὲ
437 2257 577 2344 κέρδους
599 2258 728 2343 οὕνεκ’,
745 2260 807 2325 ούκ
830 2259 1027 2325 ἀποσκοπῶν

255 2367 295 2431 τὸ
317 2371 447 2450 πλῆθος
470 2373 504 2431 εί
521 2390 554 2431 τι
576 2367 754 2449 βλάπτεται
775 2367 903 2452 πάσχον
925 2368 1011 2432 τάδε.

258 2483 345 2559 τρεῖς
367 2474 430 2556 γάρ
453 2477 599 2538 πολιτῶν
620 2474 764 2558 μερίδες·
787 2477 822 2539 οἳ
841 2470 903 2555 μὲν
926 2476 1033 2557 ὄλβιοι
1076 2509 1078 2516 1

257 2578 440 2664 ἀνωφελεῖς
461 2603 495 2644 τε
517 2581 682 2644 πλειόνων
704 2578 731 2643 τ’
759 2577 854 2665 έρῶσ’
881 2580 945 2645 ἀεί·
1147 2598 1180 2644 60

257 2689 294 2750 οἳ
314 2684 345 2750 δ’
372 2682 472 2751 ούδδυ
494 2687 587 2762 ὄντες
609 2684 665 2750 καὶ
688 2689 899 2765 σπανίζοντες
921 2689 998 2771 βίου

255 2794 306 2869 είς
327 2795 406 2869 τοὺς
427 2790 562 2877 ἔχοντας
583 2790 691 2877 κέντρ’
718 2792 857 2878 ἀφιᾶσιν
878 2795 975 2878 κακά,

259 2900 422 2982 γλώσσαις
443 2911 600 2985 πονηρῶν
622 2911 816 2985 προστατῶν
838 2903 1055 2985 φηλούμενοι·

178 3047 180 3052 ,
258 3018 361 3091 τριῶν
384 3002 420 3071 δὲ
443 3018 570 3092 μοιρῶν
593 3005 672 3090 ἡ’ν
694 3005 782 3095 μίσφ
805 3004 898 3096 σχάζει
920 3011 1045 3091 πόλεις,

258 3115 383 3195 κόσμον
406 3111 610 3197 φυλάσσουσ
638 3111 741 3178 ὅντιν’
769 3113 811 3178 ἀν
833 3113 910 3199 τάξη
934 3117 1036 3191 πόλις.
1081 3157 1083 3164 -
1145 3130 1178 3178 65

258 3217 382 3284 κᾶπειτ’
411 3217 474 3302 ἐγώ
498 3236 550 3284 σοι
574 3220 743 3303 σύμμαχος
765 3224 957 3304 γενησομαι;
1071 3263 1074 3272 1

258 3328 292 3390 τί
311 3327 395 3411 πρὸς
417 3329 552 3402 πολίτας
573 3328 651 3402 τοὺς
674 3324 773 3408 ἐμοὺς
796 3327 902 3410 λέγων
924 3331 1039 3407 καλύν;

257 3434 382 3517 χαίρων
406 3430 470 3496 ἴθ’·
494 3434 523 3497 εί
547 3428 583 3496 δὲ
605 3433 649 3515 μὴ
672 3433 891 3517 βεβούλευσαι
913 3438 1020 3511 καλῶς

255 3539 370 3622 αὐτός,
394 3537 516 3618 πιέζειν
539 3539 591 3602 δεῖ
612 3540 729 3623 τύχην,
753 3540 836 3623 ἡμᾶς
859 3538 888 3604 δ’
915 3538 982 3605 ἐᾶν.
