2668 3994
550 167 623 216 XXI.
641 165 804 217 ΒΑΒΡΙΟΣ.

268 321 375 409 ἀρχήν
395 326 561 409 τοσαύτην
583 337 651 402 πῶς
675 330 823 409 λαβοῦσα
845 328 1009 411 τηρήσεις·

268 432 311 494 σὺ
335 429 365 495 δ’
392 431 453 516 ούχ
476 430 618 516 ὑπέστης
639 435 762 515 κνίσμα
784 433 892 518 χειρὸς
915 431 1102 517 ἀρρώστου,

268 539 325 622 βίη
349 536 379 601 δ’
406 537 659 604 ἀποσπασθεῖσα
681 543 808 621 μᾶλλον
831 537 987 624 ἐτρύθης.

267 640 322 707 καὶ
345 652 411 708 νῦν
432 641 558 722 ἐκεῖνος
580 650 695 711 πλεῖον
718 644 738 728 ή
762 647 804 710 σὺ
826 651 1008 726 θυμοῦται·
1158 661 1190 709 75

267 752 343 834 λίην
366 752 505 816 ἄπιστον
527 752 685 837 πειράσας
708 768 744 815 σε
768 749 822 815 καλ
848 751 980 835 κούφην

267 857 410 941 βασιλῆά
432 874 514 942 φησι
538 858 597 922 τὸν
621 859 724 923 λύκον
747 861 971 942 καταστήσειν.

267 959 355 1045 οἶμοι
378 973 527 1049 πονηροῦ
551 965 721 1029 δεσπότου.
767 966 801 1028 τί
821 967 961 1048 ποιήσοις

267 1071 390 1135 άπασιν
412 1070 492 1154 ἡμίν
515 1072 601 1155 αίτίη
624 1082 735 1136 κακῶν
758 1073 843 1160 γίνη.

267 1174 338 1240 ἀλλ’
365 1174 445 1242 ἐλθὲ
467 1175 521 1242 καὶ
544 1178 581 1242 τὸ
604 1178 722 1243 λοιπὸν
745 1178 818 1242 ἴσθι
841 1179 992 1260 γενναίη,
1065 1181 1068 1190 ‘
1155 1188 1189 1242 80

265 1281 342 1365 μηδ’
368 1280 522 1368 ἐπτόησο,
545 1286 713 1369 πρόβατον
736 1274 809 1348 οἷον
832 1281 869 1347 ἐκ
891 1285 1040 1367 ποίμνης.

266 1391 389 1472 ὄμνυμι
412 1390 475 1474 γάρ
499 1406 553 1455 σοι
576 1391 687 1474 φύλλα
709 1390 816 1454 πάντα
839 1386 893 1454 καὶ
916 1393 1052 1476 κρήνας,

266 1495 352 1560 οὕτω
376 1494 506 1579 γένοιτο
529 1495 583 1561 σοὶ
605 1499 690 1586 μόνη
713 1519 752 1578 με
776 1497 963 1579 δουλεύειν,

267 1602 311 1678 ὡς
334 1602 434 1668 οὐδὲν
458 1602 475 1668 ὁ
499 1601 585 1667 λέων
608 1600 742 1688 ἐχθρός,
766 1601 837 1667 ἀλλ’
864 1601 920 1666 ὑπ’
947 1603 1079 1686 εὐνοίης

265 1710 379 1793 τίθησι
401 1709 536 1774 πάντων
558 1711 678 1795 κυρίην
701 1726 738 1773 σε
760 1721 827 1774 τῶν
851 1704 960 1797 ζῴοιν]

264 1824 400 1880 τοιαῦτα
423 1817 628 1881 κωτίλλουσα
650 1817 711 1898 τήν
734 1814 887 1900 άχαιίνην

264 1923 400 1986 ἔπεισεν
417 1920 531 1987 ἐλθεῖν
555 1920 606 1998 δλς
629 1922 687 1986 τὸν
711 1921 813 1986 αὐτὸν
836 1923 883 1998 είς
898 1918 1018 2005 Ἅιδην.

264 2026 334 2092 ἐπεὶ
358 2029 395 2093 δὲ
418 2031 538 2113 λόχμης
560 2030 607 2104 εἰς
629 2029 736 2113 μυχὸν
759 2031 987 2112 κατεκλείσθη,

265 2133 349 2198 λεἰον
372 2134 433 2218 μὲν
455 2136 554 2211 αὐτὸς
577 2129 643 2219 εἶχε
667 2137 762 2200 δαῖτα
784 2141 989 2218 πανθοίνην,

265 2240 387 2325 σάρκας
410 2241 606 2324 λαφύσσων,
629 2242 752 2322 μυελὸν
776 2240 900 2307 ὀστέων
922 2244 1030 2306 πίνων
1153 2258 1187 2305 90

263 2346 318 2412 καὶ
341 2348 513 2432 σπλάγχνα
536 2348 681 2412 δάπτειν·
706 2347 726 2430 ἡ
750 2345 779 2411 δ’
807 2346 935 2430 ἀγωγὸς
958 2348 1098 2430 εἱστήκει

262 2465 408 2518 πεινῶσα
430 2457 551 2539 θήρης,
575 2455 715 2539 καρδίην
739 2454 776 2519 δὲ
798 2455 952 2539 νεβρείην

263 2559 377 2625 λάπτει
400 2570 569 2625 πεσοῦσαν
592 2559 766 2645 ἁρπάσασα
790 2562 972 2644 λαθραίως,

262 2664 438 2732 καὶτοῦτο
462 2665 578 2752 κέρδος
600 2661 690 2750 εἶχεν
713 2660 761 2731 ὧν
784 2663 959 2749 ἐκεκμήκει.

262 2771 347 2837 λέων
370 2772 400 2836 δ’
427 2771 566 2838 ἕκαστον
589 2771 736 2855 ἐνκάτοιν
759 2772 947 2857 ἀριθμήσας
1151 2789 1184 2836 95

262 2881 367 2963 μόνην
390 2877 444 2944 ἀπ’
471 2881 581 2945 ἄλλων
604 2880 744 2965 καρδίην
767 2877 923 2962 ἐπεζήτει,

262 2984 316 3049 καὶ
339 2995 448 3050 πᾶσαν
471 2985 588 3071 εὐνήν,
610 2986 718 3051 πάντα
741 2983 771 3049 δ’
799 2980 892 3050 οἶκον
914 2985 1046 3071 ήρεύνα.

261 3091 366 3177 κερδὼ
390 3090 420 3156 δ’
446 3092 636 3158 άπαιολῶσα
658 3101 716 3175 της
739 3091 908 3176 ἀληθείης·

260 3197 334 3262 “οὐκ
356 3193 422 3283 εἶχε
444 3199 597 3283 πάντος’,
620 3201 717 3284 φησί,
741 3198 796 3282 (μή
819 3199 926 3282 μάτην
949 3201 1049 3282 ζήτει·

258 3305 359 3388 ποίην
382 3302 411 3369 δ’
439 3308 551 3387 ἔμελλε
574 3307 714 3392 καρδίην
737 3307 839 3389 ἔχειν,
862 3305 934 3388 ήτις
1132 3320 1184 3368 100

261 3409 297 3475 ἐκ
321 3410 478 3497 δευτέρου
502 3412 635 3489 λέοντος
657 3407 763 3495 ἦλθεν
785 3413 833 3488 εἰς
855 3410 993 3490 οἴκους;’
