2668 3994
508 115 579 168 Vm.
601 87 799 169 Ammon.
1120 115 1163 180 νη

260 276 350 362 τήνδ’
387 276 587 362 ἐβούλευσεν
618 275 782 342 κέλευθον
812 277 865 342 καὶ
898 275 1071 363 στράτευμ’
1108 274 1160 361 ἐφ’

363 382 512 449 Ἑλλάδα.

212 543 219 555 .
262 493 377 577 τοιγύρ
401 508 484 575 σφιν
506 488 607 576 ἔργον
629 488 721 555 ἐστὶν
743 487 996 575 ἐξειργασμένον
1048 527 1051 532 ·

261 596 432 681 μέγιστον,
455 597 667 681 ἀείμνηστον,
691 588 765 662 οἷον
786 596 915 662 οὐδέπω
1130 613 1165 662 80

260 703 328 770 τόδ’
355 706 439 770 ἀστυ
463 705 607 770 Σούσων
629 701 838 782 ἐξεκείνωσεν
860 705 978 787 πεσόν,

260 809 293 889 ἐξ
317 807 393 876 οὗτε
416 813 514 895 τιμήν
539 813 624 887 Ζεὺς
645 809 726 889 ἀυαξ
749 808 841 894 τήνδ’
869 810 1014 893 ὤπασεν,

260 916 306 982 ἕν’
335 916 429 1003 ἄνδρ’
457 918 584 1001 ἀπάσης
601 915 732 995 Ἀσίδος
753 919 966 1002 μηλοτρόφου

260 1034 388 1108 ταγεῖν,
410 1023 529 1110 ἔχοντα
551 1031 719 1110 σκῆπτρον
741 1025 975 1111 εὐθυντήριον.

260 1132 379 1213 Μῆδος
401 1133 464 1218 γάρ
487 1125 531 1214 ήν
553 1131 571 1196 δ
594 1142 724 1216 πρῶτος
745 1132 876 1214 ήγεμδιν
898 1137 1055 1216 στρατοῦ·
1132 1143 1165 1193 85

260 1239 359 1314 ἀλλος
381 1236 411 1303 δ’
439 1236 568 1303 ἐκείνου
590 1247 668 1315 παῖς
689 1234 758 1302 τόδ’
784 1235 886 1322 ἔργον
907 1239 1045 1320 ἤνυσεν·

261 1342 382 1429 φρένες
404 1345 467 1429 γὰρ
492 1345 595 1409 αὐτοῦ
617 1344 733 1426 θυμὸν
755 1341 1020 1430 ᾠακοστρόφουν.

238 1454 370 1535 Ιτρίτος
392 1448 422 1516 δ’
449 1448 504 1514 ἀπ’
531 1450 635 1515 αὐτοῦ
659 1453 787 1535 Κῦρος,
810 1450 978 1532 εὐδαίμων
1000 1447 1100 1536 ἀνήρ,

261 1556 361 1642 ἀρξας
382 1554 483 1642 ἔθηκε
505 1567 608 1622 πᾶσιν
630 1558 767 1642 είρήνην
790 1559 914 1640 φίλοις·

262 1664 386 1728 Λυδῶν
409 1659 445 1728 δὲ
469 1665 551 1728 λαὸν
573 1663 628 1727 καί
654 1666 800 1748 Φρυγῶν
822 1660 994 1747 ἐκτήσατο,
1133 1677 1167 1726 90

258 1768 388 1834 Ἰωνίαν
411 1793 446 1834 τε
468 1779 578 1834 πᾶσαν
599 1771 723 1852 ἤλασεν
745 1772 816 1855 βίᾳ·

260 1878 340 1953 θεὸς
363 1877 426 1962 γάρ
449 1876 512 1941 οὐκ
533 1877 697 1961 ήχθηρεν,
721 1877 765 1953 ὡς
788 1877 924 1962 εὐφρων
946 1873 1021 1960 ἔφυ.

261 1984 377 2068 Κύρου
402 1979 439 2046 δέ
461 1992 538 2059 παῖς
559 1980 713 2067 τέταρτος
736 1983 835 2048 ὐθυνε
858 1985 1007 2069 στρατόν.

260 2089 405 2171 πέμπτος
428 2085 465 2154 δὲ
487 2090 623 2174 Μάρδις
644 2085 758 2175 ήρξεν,
782 2091 922 2175 αίσχύνη
944 2091 1052 2178 πάτργ

259 2197 418 2281 θρόνοισί
437 2194 465 2259 τ’
493 2195 673 2281 ἀρχαίοισι·
696 2197 755 2261 τὸν
779 2193 815 2261 δέ
838 2199 904 2262 σὺν
925 2197 1012 2284 δόλφ
1134 2211 1167 2260 95

259 2300 482 2386 Ἀρταφρένης
504 2300 649 2368 ἔκδεινεν
672 2301 793 2379 ἐσθλὸς
815 2299 853 2368 ἐν
876 2304 1004 2386 δόμοις,

261 2406 323 2485 ξὺν
346 2406 508 2493 ἀνδράσιν
530 2412 695 2494 φίλοισιν,
719 2400 769 2486 οἷς
792 2407 860 2475 τόδ’
887 2404 930 2492 ήν
951 2407 1055 2494 χρέος.

261 2513 350 2597 κάγὼ
373 2516 481 2579 πάλου
503 2512 531 2578 τ’
558 2512 682 2601 ἔκυρσα
705 2525 827 2601 τοῦπερ
850 2518 993 2599 ήδελον,

261 2620 527 2706 κάπεστράτευσα
549 2623 655 2686 πολλὰ
678 2624 743 2687 σὺν
765 2627 877 2710 πολλῷ
901 2629 1038 2711 στρατῷ·

261 2726 329 2797 ἀλλ’
357 2727 398 2793 οὐ
420 2728 523 2792 κακὸν
545 2729 683 2793 τοσόνδε
704 2727 913 2814 προσέβαλον
935 2731 1037 2794 πόλει.
1116 2744 1168 2793 100

259 2833 383 2920 Ξέρξης
406 2833 435 2899 δ’
463 2833 540 2916 ἐμὸς
561 2844 645 2911 παῖς
662 2835 709 2900 ὢν
731 2835 806 2912 νέος
829 2845 949 2921 φρονεῖ
972 2834 1045 2919 νέα,

261 2941 321 3006 κού
344 2942 543 3025 μνημονεύει
567 2942 624 3018 τάς
646 2940 725 3023 ἐμάς
747 2941 933 3019 ἐπιστολάς·

261 3042 298 3111 εὖ
322 3034 385 3132 γὰρ
409 3059 523 3131 σαφῶς
546 3046 614 3113 τόδ’
642 3046 718 3132 ἔστ’,
741 3046 814 3132 ἐμοὶ
836 3046 1022 3133 ξυνήλικες,

260 3153 402 3230 ἀπαντες
415 3154 531 3252 ,ήμεῖς,
554 3158 589 3219 οἳ
609 3156 711 3240 κράτη
735 3153 806 3220 τύδ’
833 3153 986 3240 ἔσχομεν,
1293 3241 1294 3248 χ

261 3259 323 3323 οὐκ
345 3257 388 3324 ἀν
411 3271 572 3344 φανεῖμεν
594 3259 712 3345 πήματ’
739 3259 891 3347 ἔρξαντες
913 3247 1002 3326 τόσα.
1117 3275 1168 3324 105
1292 3315 1293 3319 ,

154 3361 221 3428 ΧΟ.
261 3368 296 3429 τί
316 3361 394 3448 οὐν,
417 3365 497 3444 ἀναξ
520 3371 656 3451 Δαρεῖε,
679 3377 738 3432 ποῖ
759 3368 995 3453 καταστρέφεις
1291 3353 1292 3379 ¹

190 3507 192 3511 ·
261 3472 370 3553 λόγων
393 3475 562 3556 τελευτήν;
584 3483 654 3548 πῶς
677 3471 718 3537 ἀν
741 3471 778 3536 ἐκ
799 3474 929 3539 τούτων
951 3471 1000 3539 ἔτι

968 3577 1005 3633 4.
