2668 3994
495 153 579 206 xvu.
599 155 808 204 ammana.
1114 149 1157 214 49

146 348 250 427 XVII.
280 349 331 414 Ne
350 351 543 415 athletarum
561 351 675 414 merita
692 349 793 433 pluris
817 349 1036 431 aestimentur,
1061 371 1158 432 quam

499 460 636 522 aequum
658 438 811 502 videatur.

307 542 460 612 (Euripidis
479 541 611 611 Autolyci
629 541 728 611 fragm.
744 545 796 594 284
815 542 857 594 ed.
877 540 998 611 Nauck.)

236 637 359 698 Κακῶν
382 635 444 719 γὰρ
468 635 576 698 ὄντων
598 635 728 719 μυρίων
750 631 827 697 καθ’
851 630 990 697 Ἑλλάδα

236 736 336 805 οὐδὲν
359 741 475 805 κάκιόν
498 738 589 805 ἐστιν
612 739 768 823 ἀθλητῶν
790 738 917 822 γένους.

236 850 271 911 οἳ
290 857 403 932 πρῶτα
425 842 487 928 μὲν
510 850 568 929 ζήν
591 847 668 911 οὔτε
690 846 923 928 μανθάνουσιν
946 840 982 910 εὗ

238 952 306 1018 οὔτ’
334 952 376 1017 ἀν
399 953 571 1018 δύναιντο·
593 964 662 1029 πῶς
685 954 748 1038 γὰρ
771 953 860 1028 ὅστις
883 950 948 1016 ἔστ’
976 951 1059 1037 ἀνήρ
1156 1027 1158 1030 ¹

236 1059 367 1143 γνάθου
390 1082 425 1124 τε
449 1060 569 1135 δοῦλος
591 1059 714 1142 νηδύος
736 1056 772 1123 θ’
798 1057 981 1143 ἡσσημένος
1141 1073 1157 1122 ι

236 1164 380 1250 κτήσαιτ’
407 1164 450 1230 ἀν
473 1166 575 1248 ὄλβον
598 1166 645 1241 είς
666 1164 856 1250 ὑπερβολήν
877 1166 1013 1250 πατρός;

235 1271 307 1337 οὐδ’
334 1266 376 1337 αὖ
399 1271 561 1337 πένεσθαι
583 1269 819 1356 κάξυπηρετεῖν
841 1273 954 1356 τύχαις

236 1369 369 1444 οἷοίτ’·
393 1380 455 1462 ἔθη
480 1379 542 1464 γὰρ
566 1377 628 1444 ούκ
651 1375 846 1453 ἐθισθέντες
868 1378 951 1441 καλά

237 1488 384 1570 σκληρῶς
407 1484 691 1565 μεταλλάσσουσιν
713 1484 761 1560 είς
783 1483 960 1568 τάμήχανα.

236 1588 377 1676 λαμπροὶ
401 1589 431 1655 δ’
458 1588 495 1654 έν
517 1591 581 1675 ήβη
604 1587 659 1654 καὶ
682 1591 807 1666 πόλεως
830 1589 999 1673 ἀγάλματα
1125 1607 1158 1654 10

236 1695 389 1781 φοιτῶσ’·
412 1697 492 1762 ὅταν
515 1693 551 1762 δὲ
573 1695 742 1782 προσπέση
765 1705 868 1782 γῆρας
889 1699 1024 1782 πικρόν,

236 1806 395 1888 τρίβωνες
417 1801 610 1887 ἐκβαλόντες
634 1803 780 1886 οἴχονται
803 1805 931 1888 κρόκας.

236 1907 428 1994 ἐμεμψάμην
451 1910 488 1975 δὲ
511 1908 565 1974 καί
588 1910 647 1974 τὸν
666 1906 834 1992 Ἑλλήνων
856 1911 974 1992 νόμον,

237 2019 272 2080 οἳ
292 2014 390 2080 τῶνδ’
418 2014 507 2080 ἕκατι
530 2017 697 2099 σύλλογον
718 2016 912 2097 ποιούμενοι

236 2119 349 2202 τιμῶσ’
377 2122 528 2208 ἀχρείους
550 2123 672 2206 ήδονάς
695 2123 806 2198 δαιτὸς
828 2121 934 2207 χάριν.
1126 2137 1158 2186 15

235 2229 285 2303 τίς
307 2228 370 2313 γάρ
393 2231 554 2305 παλαίσας
576 2224 629 2312 εὖ,
652 2231 702 2305 τίς
724 2228 877 2304 ὠκύπους
900 2227 984 2314 ἀνήρ

237 2333 257 2416 ή
281 2335 398 2399 δίσκον
421 2336 502 2421 ἀρας
523 2333 543 2418 ή
567 2335 698 2417 γνάθον
720 2338 841 2410 παίσας
862 2338 969 2411 καλῶς

236 2443 330 2505 πόλει
353 2437 485 2528 πατρῴᾳ
508 2441 675 2525 στέφανον
697 2443 836 2527 ήριιεσεν
859 2443 984 2524 λαβῶν;

236 2549 357 2633 πότερα
379 2557 561 2632 μαχοῦνται
583 2551 791 2630 πολεμίοισιν
814 2545 852 2612 ἐν
874 2558 986 2633 χεροῖν

238 2655 373 2730 δίσκους
395 2655 525 2738 ἔχοντες
546 2652 566 2737 ή
591 2652 634 2720 δι’
662 2654 812 2719 ἀσπίδων
834 2653 912 2719 ποσί
1124 2670 1158 2718 20

237 2762 410 2836 θείνοντες
432 2758 609 2844 ἐκβαλοῦσι
631 2763 809 2842 πολεμίους
831 2761 969 2847 πάτρας;

237 2863 348 2942 οὐδεὶς
371 2868 510 2952 σιδήρου
533 2876 636 2932 ταῦτα
658 2869 817 2952 μωραίνει
840 2866 940 2944 πέλας

237 2972 322 3048 στάς.
350 2974 474 3058 ἀνδρας
492 2968 555 3038 οὖν
572 2983 656 3058 χρήν
674 2975 752 3049 τοὺς
771 2975 898 3057 σοφούς
916 2997 951 3038 τε
969 2973 1140 3057 κάγαθούς

237 3079 377 3162 φύλλοις
400 3077 598 3163 στέφεσθαι,
620 3079 740 3163 χῶστις
762 3080 888 3163 ἡγεῖται
911 3083 1005 3145 πόλει

238 3185 394 3249 κάλλιστα
418 3187 563 3271 σώφρων
586 3184 640 3250 καὶ
664 3187 791 3262 δίκαιος
814 3187 861 3250 διν
885 3186 983 3273 ἀνήρ,
1125 3203 1159 3251 25

238 3290 328 3368 ὅστις
350 3315 385 3356 τε
407 3293 530 3374 μύθοις
553 3289 623 3378 ἔργ’
650 3291 851 3357 ἀπαλλάσσει
874 3295 956 3357 κακά

237 3398 341 3482 μάχας
363 3395 391 3461 τ’
418 3397 571 3484 ἀφαιρῶν
593 3395 648 3462 καὶ
672 3398 814 3475 στάσεις·
836 3409 972 3464 τοιαῦτα
995 3402 1058 3486 γάρ
1080 3403 1101 3423 ’·

238 3508 331 3569 πόλει
353 3528 388 3569 τε
411 3505 513 3589 ταύτη
536 3507 619 3569 πᾶσί
639 3503 675 3569 θ’
695 3503 852 3589 Ἕλλησιν
875 3505 966 3571 καλά.
1061 3558 1065 3565 ,
