2668 3994
193 165 238 231 58
572 171 830 225 mmm.

279 331 321 396 ἓν
342 333 406 418 γὰρ
430 331 521 414 στόμ’
548 330 618 397 ἐστὶ
640 343 698 416 τῆς
720 337 891 420 συνοιιτίης
913 334 1033 421 πάσης·

283 439 355 504 ‘cof’
377 442 591 525 Μητροτίμης
609 443 694 526 ἔργα
716 441 889 507 Κοττώίον
912 443 1035 508 ταῦτα’

283 546 342 632 ὅρη
362 545 417 630 δέ,
437 549 539 624 κοίως
561 549 622 631 τὴν
645 547 743 633 ῥοίκιν
765 548 941 635 λείέπρηκε

281 662 400 737 πᾶσαν,
422 653 501 719 καθ’
523 654 617 738 ὕλην,
641 646 695 720 οἷα
717 658 843 739 Δήλιος
865 659 1004 743 κνρτεδς
1077 669 1079 678 “

281 759 320 826 ἐν
341 770 381 847 τῇ
402 761 572 847 θαλάσση,
595 762 728 845 τώμβίὺ
751 772 809 846 τῆς
831 766 906 846 ζοῆς
928 766 1060 850 τρίβων.
1168 782 1203 831 οο

281 869 338 945 τὰς
361 867 501 952 ἑβδόμας
523 867 551 932 τ’
578 870 715 950 ἄμεινον
737 870 871 947 εἰκάδας
891 869 920 934 τ’
947 865 1017 936 οἶδε
1093 879 1095 886 ’

281 986 348 1040 τών
371 974 614 1060 ἀστροδιφέων,
638 974 731 1041 κούδ’
756 975 862 1054 ὕπνος
883 1002 943 1059 μιν
965 978 1104 1064 αἱρεῖται

280 1081 432 1166 νοεῦνδ,
456 1082 575 1166 ὁτημος
596 1085 754 1167 παιγνίην
777 1083 920 1167 ιἰγινητε.

280 1187 351 1255 ἀλλ’
379 1195 414 1254 εί
431 1192 466 1254 τί
485 1206 553 1273 σοι,
577 1192 784 1275 Λαμπρίσκε,
807 1189 862 1255 καὶ
885 1193 962 1276 βίον
984 1190 1105 1278 πρῆξιν

279 1295 407 1380 ἐσθλὴν
428 1300 555 1362 τείοῑεν
577 1296 649 1361 αἵδε
671 1295 832 1379 κάγαθῶν
854 1298 1006 1384 κύρσαις,
1167 1315 1201 1364 σο

210 1445 213 1450 -
278 1405 449 1488 μηλασσον
472 1404 560 1492 αὐτῷ
582 1440 623 1449 -

545 1507 849 1576 ΛΑΜΠΡΙΣΚΟΣ.

624 1620 835 1705 Μητροτίμη,
858 1620 902 1702 μὴ
926 1617 1075 1704 ἐπεύχεο,

278 1721 342 1802 ἕξει
365 1725 427 1810 γὰρ
452 1725 551 1790 οὐδὲν
573 1735 676 1806 μεῖον.
722 1725 853 1808 Eamne
874 1734 935 1791 κοῦ
957 1751 1029 1810 μοι,

277 1840 340 1896 κοῦ
363 1834 549 1915 Κόκκαίος,
571 1841 633 1896 κοῦ
659 1834 795 1911 Φίλίος;
818 1833 858 1897 οὐ
881 1831 1003 1917 ταχέως
1024 1842 1145 1900 τοῦτον

187 1956 189 1962 ’
278 1937 377 2024 ἀρεῑτ’
405 1937 455 2004 ἐπ’
482 1940 587 2021 ώμον;
610 1977 654 1985 -
676 1938 773 2023 καλοί,
797 1937 951 2023 Κότταί,
974 1939 995 2005 δ
1016 1937 1181 2026 πρήσσεις.

278 2046 319 2110 οὔ
342 2063 395 2111 σοι
419 2044 463 2110 ἔτ’
489 2046 629 2132 ἀπαρκεῖ
649 2055 724 2131 τῇσι
747 2047 907 2132 δορκώσιν
929 2048 1056 2126 παίζειν
1165 2065 1199 2112 σο
1329 2077 1330 2137 3

277 2151 448 2239 ἄστραβδ,
471 2153 620 2239 ὅκωσπερ
643 2153 729 2237 οἵδε,
751 2154 834 2239 πρὸς
857 2154 893 2218 δὲ
916 2153 977 2236 τὴν
998 2155 1161 2240 παίστρην

196 2307 198 2310 -
277 2257 314 2324 ἐν
336 2269 422 2324 τοῖσι
444 2260 655 2345 προύνίκοισι
678 2262 837 2344 χαλκίζεις
859 2257 1017 2344 φοινίοις

277 2364 340 2449 ἐγώ
364 2382 401 2430 σε
423 2369 519 2449 θήσω
542 2367 767 2451 κοσμιώτερον
788 2367 918 2452 κούρης.

277 2481 338 2538 κοῦ
361 2497 417 2554 μοι
440 2473 477 2537 τὸ
500 2474 600 2556 δριμὺ
626 2477 761 2556 σκῦίος,
785 2473 805 2557 ἡ
827 2473 906 2556 βοὸς
928 2471 1056 2559 κέρκος;

277 2581 361 2644 δότω
384 2604 434 2656 τις
456 2581 504 2656 είς
526 2580 587 2662 τὴν
609 2590 712 2665 χεῖρα,
735 2578 816 2664 πρὶν
837 2580 940 2663 χολὴν
961 2577 1066 2663 βῆξαι.
1164 2595 1197 2644 65

570 2683 816 2750 ΚΟΤΤΑΛΟΣ.

292 2794 336 2876 μὴ
350 2794 393 2877 μη
410 2791 533 2875 ίκετίω,
549 2796 751 2879 Λαμπρίσκε,
764 2795 847 2878 πρός
860 2809 897 2857 σε
911 2803 978 2856 τῶν
991 2790 1170 2874 Μουσέων,

292 2900 336 2982 μὴ
359 2908 405 2989 τῷ
423 2924 463 2981 με
487 2901 610 2986 δριμεῖ,
633 2907 678 2989 τῷ
694 2898 794 2987 ’τέρῳ
816 2901 855 2965 δὲ
878 2900 1032 2983 λώβησαι.

186 3004 257 3070 ΛΑ.
292 3004 363 3071 ἀλλ’
389 3007 437 3083 εἲς
458 3009 617 3091 πονηρός,
640 3008 801 3089 Κότταλε,
825 3005 907 3070 ώστε
930 3003 985 3070 καὶ
1007 3005 1130 3089 περνὰς

293 3113 403 3190 οὐδείς
426 3112 455 3177 σ’
482 3111 700 3196 ἐπαινέσειεν,
724 3111 796 3178 οὐδ’
823 3113 903 3178 ὅκου
926 3113 1033 3197 χώρης

293 3221 325 3285 ol
347 3229 410 3301 μῦς
433 3220 554 3302 ὁμοίως
576 3221 635 3285 τὸν
658 3221 797 3305 σίδηρον
819 3221 1014 3306 τρώγουσιν.
1068 3259 1076 3274 ·
1164 3234 1196 3282 ιο

185 3324 253 3391 ΚΟ,
294 3329 408 3409 κόσας,
431 3329 544 3410 κόσας,
568 3329 774 3411 Λαμπρίσκε,
798 3329 966 3409 λίσσομαι,
988 3317 1117 3406 μέλλεις

291 3435 325 3510 ἔς
346 3431 379 3515 μ’
406 3430 604 3519 ἐνφορῆσαι;
642 3430 713 3497 ΛΑ.
735 3434 779 3516 μὴ
800 3431 866 3515 ’με’,
889 3432 988 3516 τήνδε
1012 3429 1042 3496 δ’
1068 3431 1196 3517 εἰρώτα.

184 3537 252 3603 ΚΟ,
293 3548 388 3623 τατᾶ,
411 3540 510 3615 κόσας
532 3564 589 3620 μοι
612 3538 743 3618 δώσετ’;
769 3537 844 3602 ΜΗ.
869 3545 902 3604 εί
921 3540 955 3602 τί
976 3554 1029 3602 σοι
1053 3534 1150 3626 ζῴην,
