2668 3994
165 111 208 180 ης
303 118 305 124 ·
542 110 576 164 v.
595 112 792 164 Ammon.

162 272 233 339 ΠΡ.
273 271 343 337 ἀλλ’
371 274 411 338 οὐ
435 277 579 358 μεγαίρω
603 272 703 338 τοῦδέ
724 289 777 338 σοι
801 273 1016 358 δωρήματοςμ
1065 331 1067 334 .

160 378 221 444 ΙΩ.
271 383 306 443 τί
326 381 408 463 δῆτα
430 379 558 460 μέλλεις
579 381 623 462 μή
646 380 687 445 οὐ
711 384 926 463 γεγωνίσκειν
948 382 985 446 τὸ
1008 390 1088 461 πᾶν;

163 485 232 550 ΠΡ.
274 489 406 570 φθόνος
419 486 480 568 μὲν
494 485 615 569 οὐδείς,
629 487 689 563 σὰς
704 484 733 550 δ’
748 485 834 552 ὀκνῶ
844 485 966 570 θρᾶξαν
981 487 1114 574 φρένας.
1142 506 1179 554 20

160 591 221 657 ΙΩ.
271 595 315 675 μή
337 616 403 674 μον
425 592 596 679 προκήδου
618 602 761 676 μᾶσσον,
785 593 830 669 ὡς
853 591 926 678 ε’μολ
948 595 1065 676 γλυκύ.

163 698 231 764 ΠΡ.
272 697 342 764 ἐπεὶ
365 705 546 785 προθυμεῖ,
570 701 632 784 χρή
655 698 778 781 λέγειν·
801 701 901 764 ἄκουε
925 700 975 783 δή.

588 803 742 870 ΧΟΡΟΣ.

213 991 214 994 ¹
269 914 365 996 μήπω
389 931 440 995 γε·
463 921 584 996 μοῖραν
608 910 645 974 δ’Ἰ
664 911 786 996 ήδονής
808 910 907 993 κάμοὶ
929 915 1019 999 πόρε.
1099 991 1102 996 ,

269 1021 331 1103 τήν
353 1019 452 1101 τῆσδε
475 1029 607 1103 πρῶτον
631 1019 856 1102 ἱστορήσωμεν
879 1021 997 1102 νόσον,

269 1126 370 1209 αὐτῆς
393 1124 554 1208 λεγούσης
576 1125 634 1200 τδις
656 1127 896 1210 πολυφθόρους
917 1127 1030 1210 τύχας·
1139 1143 1176 1190 25

269 1233 310 1296 τδι
333 1232 433 1296 λοιπὰ
457 1230 487 1294 δ’
514 1232 630 1297 ἄθλων
654 1240 715 1296 σοῦ
739 1231 929 1314 διδαχθήτω
953 1232 1069 1316 πάρα,

160 1339 230 1404 ΠΡ.
269 1339 331 1404 σὸν
354 1335 469 1424 έργον,
489 1335 563 1421 Ἰοῖ,
586 1335 693 1402 ταῖσδ’
720 1338 930 1422 ύπουργήσαι
953 1339 1065 1423 χάριν,

269 1447 374 1522 ἄλλως
396 1468 431 1509 τε
453 1444 584 1520 πάντως
607 1442 661 1508 καὶ
683 1447 895 1528 κασιγνήταις
917 1447 1049 1528 πατρός.

270 1553 314 1629 ὡς
335 1550 562 1616 τάποκλαῦσαι
584 1549 840 1636 κάποδύρασθαι
862 1551 963 1635 τύχας

268 1656 404 1723 ἐνταῦθ’
432 1658 516 1722 ὅπου
539 1656 653 1740 μέλλοι
676 1679 725 1733 τις
748 1657 902 1721 οἴσεσθαι
925 1657 1047 1742 δάκρυ’
1139 1675 1175 1721 30

267 1765 350 1851 πρὸς
371 1773 439 1829 τῶν
461 1765 646 1845 κλυόντων,
670 1760 766 1840 ἀξίαν
788 1764 906 1849 τριβήν
928 1761 1003 1847 ἔχει.

211 1921 218 1936 .
269 1872 330 1936 οὐκ
354 1865 418 1935 οἷδ’
443 1871 534 1947 Ὶὅπως
556 1869 637 1954 ύμῖν
660 1868 837 1952 ἀπιστῆσαι
860 1893 900 1953 με
922 1873 999 1954 χρή,

268 1987 367 2062 σαφεῖ
390 1976 428 2042 δὲ
450 1977 549 2064 μύθῳ
572 1985 640 2041 πῖιυ
664 1975 744 2061 ὅπερ
767 1972 985 2062 προσχρῄζετε

266 2085 445 2150 πεύσεσθε·
469 2086 576 2148 καίτοι
599 2082 652 2146 καὶ
676 2080 807 2165 λέγοντ’
834 2083 1031 2166 αἰσχύνομαι

266 2192 455 2255 θεόσσυτον
477 2201 620 2274 χειμῶνα
642 2189 698 2253 καὶ
721 2189 911 2274 διαφθορὰν

266 2305 412 2382 μορφῆς,
436 2294 519 2360 ὅθεν
542 2320 599 2380 μοι
623 2296 754 2380 σχετλίᾳ
780 2293 994 2380 προσέπτατο.

267 2403 317 2468 ἀεὶ
340 2404 403 2488 γὰρ
427 2405 520 2480 ὄψεις
542 2399 676 2486 ἔννυχοι
699 2402 905 2483 πωλεύμεναι

266 2509 300 2587 ἐς
321 2515 541 2595 παρθενῶνας
563 2510 642 2585 τοὺς
665 2506 763 2590 ε’μοὺς
785 2509 1000 2593 παρηγόρουν

266 2619 385 2682 λείοισι
407 2617 542 2698 μύθοις·
562 2611 601 2680 ’ὦ
624 2613 695 2698 μέγ’
723 2615 882 2696 εύδαιμον
904 2617 1000 2698 κόρη,

266 2726 301 2788 τί
321 2723 521 2806 παρθενεύει
546 2723 664 2807 δαρόν,
689 2719 763 2799 ἐξόν
787 2737 839 2786 σοι
862 2721 969 2804 γόμου
1135 2738 1187 2794 40,

265 2839 378 2914 τυχεῖν
400 2832 572 2912 μεγίστους
598 2829 681 2904 Ζεὺς
704 2828 767 2911 γὰρ
792 2826 906 2909 ἱμέρου
929 2827 1017 2910 βέλει

265 2937 348 3023 πρὸς
371 2944 433 3001 σοῦ
456 2933 636 3000 τέθαλπται
660 2935 714 2998 καὶ
738 2935 957 3016 συναίρεσθαι
982 2935 1116 3017 Κύπριν

265 3042 371 3108 θέλει·
395 3045 437 3107 σὺ
461 3040 505 3126 δ’,
529 3037 554 3107 ὦ
577 3051 651 3124 παῖ,
675 3041 718 3123 μή
738 3038 947 3124 ’πολακτίσης
970 3039 1064 3123 λέχος

264 3151 302 3214 τὸ
328 3150 448 3232 Ζηνός,
473 3147 543 3213 ἀλλ’
570 3145 684 3224 ἔξελθε
706 3146 789 3227 πρὸς
812 3145 941 3231 Λέρνης
964 3149 1077 3229 βαθὺν

182 3291 185 3299 ’
265 3261 422 3338 λειμῶνα,
437 3258 578 3336 ποίμνας
596 3252 790 3337 βουστάσεις
804 3275 838 3316 τε
852 3253 934 3333 πρὸς
952 3255 1088 3338 πατρός,
1133 3270 1169 3316 4ο

266 3364 310 3438 ὡς
332 3361 374 3426 ἂν
396 3363 433 3426 τὸ
457 3367 544 3426 Δῖον
567 3363 654 3443 όμμα
677 3361 811 3443 λωφήση
836 3358 974 3424 πόθου’.

263 3469 408 3536 τοιοῖσδε
430 3467 536 3544 πόσας
559 3467 724 3551 εὐφρόνας
747 3464 915 3551 ὀνείρασιν
