<?xml version="1.0" encoding="UTF-8"?>
<!DOCTYPE html PUBLIC "-//W3C//DTD XHTML 1.0 Transitional//EN"
    "http://www.w3.org/TR/xhtml1/DTD/xhtml1-transitional.dtd">
<html xmlns="http://www.w3.org/1999/xhtml" xml:lang="en" lang="en">
 <head>
  <title>
</title>
<meta http-equiv="Content-Type" content="text/html;charset=utf-8" />
  <meta name='ocr-system' content='tesseract 3.04.00' />
  <meta name='ocr-capabilities' content='ocr_page ocr_carea ocr_par ocr_line ocrx_word'/>
</head>
<body>
  <div class='ocr_page' id='page_1' title='image "./florilegiumgrae04petegoog_0040.png"; bbox 0 0 2668 3994; ppageno 0'>
   <div class='ocr_carea' id='block_1_1' title="bbox 541 169 1179 235">
    <p class='ocr_par' dir='ltr' id='par_1_1' title="bbox 541 169 1179 235">
     <span class='ocr_line' id='line_1_1' title="bbox 541 169 1179 235; baseline 0.006 -14"><span class='ocrx_word' id='word_1_1' title='bbox 541 169 586 223; x_wconf 87' lang='lat' dir='ltr'><strong><em>IX.</em></strong></span> <span class='ocrx_word' id='word_1_2' title='bbox 607 172 816 224; x_wconf 81' lang='grc' dir='ltr'><strong>ΕΤΡΙΠΙΔΗΣ.</strong></span> <span class='ocrx_word' id='word_1_3' title='bbox 1138 170 1179 235; x_wconf 83' lang='grc'><strong><em>31</em></strong></span> 
     </span>
    </p>
   </div>
   <div class='ocr_carea' id='block_1_2' title="bbox 257 328 1188 3612">
    <p class='ocr_par' dir='ltr' id='par_1_2' title="bbox 258 328 956 419">
     <span class='ocr_line' id='line_1_2' title="bbox 258 328 956 419; baseline 0 -21"><span class='ocrx_word' id='word_1_4' title='bbox 258 331 343 410; x_wconf 84' lang='grc' dir='ltr'><strong><em>δέξει</em></strong></span> <span class='ocrx_word' id='word_1_5' title='bbox 366 328 403 396; x_wconf 70' lang='grc' dir='ltr'><strong><em>δὲ</em></strong></span> <span class='ocrx_word' id='word_1_6' title='bbox 426 334 517 418; x_wconf 82' lang='grc' dir='ltr'><strong><em>δῶρα</em></strong></span> <span class='ocrx_word' id='word_1_7' title='bbox 539 334 594 397; x_wconf 82' lang='grc' dir='ltr'><strong><em>καί</em></strong></span> <span class='ocrx_word' id='word_1_8' title='bbox 617 337 811 418; x_wconf 77' lang='grc' dir='ltr'><strong><em>παραιτήσει</em></strong></span> <span class='ocrx_word' id='word_1_9' title='bbox 833 335 956 419; x_wconf 86' lang='grc' dir='ltr'><strong><em>πατρὸς</em></strong></span> 
     </span>
    </p>

    <p class='ocr_par' dir='ltr' id='par_1_3' title="bbox 257 438 1181 630">
     <span class='ocr_line' id='line_1_3' title="bbox 258 438 1181 525; baseline 0.002 -23"><span class='ocrx_word' id='word_1_10' title='bbox 258 440 368 524; x_wconf 84' lang='grc' dir='ltr'><strong><em>φυγάς</em></strong></span> <span class='ocrx_word' id='word_1_11' title='bbox 390 438 524 522; x_wconf 83' lang='grc' dir='ltr'><strong><em>ἀφεῖναι</em></strong></span> <span class='ocrx_word' id='word_1_12' title='bbox 547 439 639 504; x_wconf 87' lang='grc' dir='ltr'><strong><em>παισλ</em></strong></span> <span class='ocrx_word' id='word_1_13' title='bbox 662 438 765 504; x_wconf 82' lang='grc' dir='ltr'><strong><em>τοῖσδ’</em></strong></span> <span class='ocrx_word' id='word_1_14' title='bbox 793 438 874 524; x_wconf 80' lang='grc' dir='ltr'><strong><em>ἐμὴν</em></strong></span> <span class='ocrx_word' id='word_1_15' title='bbox 897 439 1018 525; x_wconf 85' lang='grc' dir='ltr'><strong><em>χάριν;’</em></strong></span> <span class='ocrx_word' id='word_1_16' title='bbox 1148 456 1181 505; x_wconf 82' lang='lat'><strong><em>35</em></strong></span> 
     </span>
     <span class='ocr_line' id='line_1_4' title="bbox 257 543 973 630; baseline 0.001 -21"><span class='ocrx_word' id='word_1_17' title='bbox 257 545 278 629; x_wconf 79' lang='grc' dir='ltr'><em>ἣ</em></span> <span class='ocrx_word' id='word_1_18' title='bbox 302 543 332 610; x_wconf 88' lang='grc' dir='ltr'><strong><em>δ’</em></strong></span> <span class='ocrx_word' id='word_1_19' title='bbox 359 545 404 622; x_wconf 81' lang='grc' dir='ltr'><strong><em>ὡς</em></strong></span> <span class='ocrx_word' id='word_1_20' title='bbox 427 544 532 610; x_wconf 87' lang='grc' dir='ltr'><strong><em>ἐσεῖδε</em></strong></span> <span class='ocrx_word' id='word_1_21' title='bbox 554 547 694 629; x_wconf 81' lang='grc' dir='ltr'><strong><em>κόσμον,</em></strong></span> <span class='ocrx_word' id='word_1_22' title='bbox 718 547 780 611; x_wconf 86' lang='grc' dir='ltr'><strong><em>ούκ</em></strong></span> <span class='ocrx_word' id='word_1_23' title='bbox 801 545 973 630; x_wconf 82' lang='grc' dir='ltr'><strong><em>ηνέσχετο,</em></strong></span> 
     </span>
    </p>

    <p class='ocr_par' dir='ltr' id='par_1_4' title="bbox 259 649 1090 952">
     <span class='ocr_line' id='line_1_5' title="bbox 259 649 1090 738; baseline 0.001 -22"><span class='ocrx_word' id='word_1_24' title='bbox 259 649 329 717; x_wconf 86' lang='grc' dir='ltr'><strong><em>ἀλλ’</em></strong></span> <span class='ocrx_word' id='word_1_25' title='bbox 356 649 446 738; x_wconf 67' lang='grc' dir='ltr'><strong><em>ᾔνεσ</em></strong></span> <span class='ocrx_word' id='word_1_26' title='bbox 474 650 571 737; x_wconf 82' lang='grc' dir='ltr'><strong><em>ἀνδρί</em></strong></span> <span class='ocrx_word' id='word_1_27' title='bbox 594 653 716 736; x_wconf 89' lang='grc' dir='ltr'><strong><em>πάντα,</em></strong></span> <span class='ocrx_word' id='word_1_28' title='bbox 739 654 793 717; x_wconf 84' lang='grc' dir='ltr'><strong><em>καλ</em></strong></span> <span class='ocrx_word' id='word_1_29' title='bbox 815 653 896 738; x_wconf 80' lang='grc' dir='ltr'><strong><em>πρίν</em></strong></span> <span class='ocrx_word' id='word_1_30' title='bbox 919 652 955 719; x_wconf 91' lang='grc' dir='ltr'><strong><em>ἐκ</em></strong></span> <span class='ocrx_word' id='word_1_31' title='bbox 978 655 1090 736; x_wconf 91' lang='grc' dir='ltr'><strong><em>δόμων</em></strong></span> 
     </span>
     <span class='ocr_line' id='line_1_6' title="bbox 259 757 1049 845; baseline 0.001 -22"><span class='ocrx_word' id='word_1_32' title='bbox 259 760 389 843; x_wconf 83' lang='grc' dir='ltr'><strong><em>μακράν</em></strong></span> <span class='ocrx_word' id='word_1_33' title='bbox 412 757 544 823; x_wconf 79' lang='grc' dir='ltr'><strong><em>ἀπεῖναι</em></strong></span> <span class='ocrx_word' id='word_1_34' title='bbox 566 758 690 845; x_wconf 80' lang='grc' dir='ltr'><strong><em>πατέρα</em></strong></span> <span class='ocrx_word' id='word_1_35' title='bbox 713 761 767 825; x_wconf 85' lang='grc' dir='ltr'><strong><em>καλ</em></strong></span> <span class='ocrx_word' id='word_1_36' title='bbox 791 761 911 837; x_wconf 88' lang='grc' dir='ltr'><strong><em>παῖδας</em></strong></span> <span class='ocrx_word' id='word_1_37' title='bbox 933 757 1049 843; x_wconf 84' lang='grc' dir='ltr'><strong><em>σέθεν,</em></strong></span> 
     </span>
     <span class='ocr_line' id='line_1_7' title="bbox 260 863 985 952; baseline 0 -22"><span class='ocrx_word' id='word_1_38' title='bbox 260 868 407 949; x_wconf 85' lang='grc' dir='ltr'><strong><em>λαβοῦσα</em></strong></span> <span class='ocrx_word' id='word_1_39' title='bbox 429 863 576 942; x_wconf 77' lang='grc' dir='ltr'><strong><em>πέπλους</em></strong></span> <span class='ocrx_word' id='word_1_40' title='bbox 598 869 770 943; x_wconf 78' lang='grc' dir='ltr'><strong><em>ποικίλους</em></strong></span> <span class='ocrx_word' id='word_1_41' title='bbox 792 866 985 952; x_wconf 77' lang='grc' dir='ltr'><strong><em>ἠμπίσχετο,</em></strong></span> 
     </span>
    </p>

    <p class='ocr_par' dir='ltr' id='par_1_5' title="bbox 259 971 1183 1167">
     <span class='ocr_line' id='line_1_8' title="bbox 259 971 1183 1058; baseline 0 -22"><span class='ocrx_word' id='word_1_42' title='bbox 259 980 408 1057; x_wconf 80' lang='grc' dir='ltr'><strong><em>χρυσοῦν</em></strong></span> <span class='ocrx_word' id='word_1_43' title='bbox 430 978 587 1037; x_wconf 86' lang='grc' dir='ltr'><strong><em>τεθεῖσα</em></strong></span> <span class='ocrx_word' id='word_1_44' title='bbox 610 971 777 1057; x_wconf 85' lang='grc' dir='ltr'><strong><em>στέφανον</em></strong></span> <span class='ocrx_word' id='word_1_45' title='bbox 800 972 884 1057; x_wconf 80' lang='grc' dir='ltr'><strong><em>ἀμφί</em></strong></span> <span class='ocrx_word' id='word_1_46' title='bbox 906 973 1103 1058; x_wconf 81' lang='grc' dir='ltr'><strong><em>βοστρύχοις</em></strong></span> <span class='ocrx_word' id='word_1_47' title='bbox 1149 989 1183 1036; x_wconf 82' lang='grc'><strong><em>40</em></strong></span> 
     </span>
     <span class='ocr_line' id='line_1_9' title="bbox 260 1080 978 1167; baseline 0.003 -24"><span class='ocrx_word' id='word_1_48' title='bbox 260 1082 397 1166; x_wconf 75' lang='grc' dir='ltr'><strong><em>λαμπρῷ</em></strong></span> <span class='ocrx_word' id='word_1_49' title='bbox 419 1080 589 1167; x_wconf 77' lang='grc' dir='ltr'><strong><em>κατόπτρῳ</em></strong></span> <span class='ocrx_word' id='word_1_50' title='bbox 613 1081 838 1163; x_wconf 80' lang='grc' dir='ltr'><strong><em>σχηματίζεται</em></strong></span> <span class='ocrx_word' id='word_1_51' title='bbox 860 1082 978 1164; x_wconf 88' lang='grc' dir='ltr'><strong><em>κόμην,</em></strong></span> 
     </span>
    </p>

    <p class='ocr_par' dir='ltr' id='par_1_6' title="bbox 260 1185 906 1270">
     <span class='ocr_line' id='line_1_10' title="bbox 260 1185 906 1270; baseline 0.002 -22"><span class='ocrx_word' id='word_1_52' title='bbox 260 1186 391 1270; x_wconf 72' lang='grc' dir='ltr'><strong><em>άηηιχον</em></strong></span> <span class='ocrx_word' id='word_1_53' title='bbox 414 1185 490 1250; x_wconf 80' lang='grc' dir='ltr'><strong><em>εἰκὼ</em></strong></span> <span class='ocrx_word' id='word_1_54' title='bbox 512 1189 727 1270; x_wconf 86' lang='grc' dir='ltr'><strong><em>προσγελῶσα</em></strong></span> <span class='ocrx_word' id='word_1_55' title='bbox 750 1187 906 1267; x_wconf 83' lang='grc' dir='ltr'><strong><em>σώματος.</em></strong></span> 
     </span>
    </p>

    <p class='ocr_par' dir='ltr' id='par_1_7' title="bbox 262 1289 976 1378">
     <span class='ocr_line' id='line_1_11' title="bbox 262 1289 976 1378; baseline 0.001 -22"><span class='ocrx_word' id='word_1_56' title='bbox 262 1289 386 1357; x_wconf 77' lang='grc' dir='ltr'><strong><em>κᾶπειτ’</em></strong></span> <span class='ocrx_word' id='word_1_57' title='bbox 413 1289 569 1357; x_wconf 84' lang='grc' dir='ltr'><strong><em>ἀναστᾶσ’</em></strong></span> <span class='ocrx_word' id='word_1_58' title='bbox 596 1290 633 1357; x_wconf 90' lang='grc' dir='ltr'><strong><em>ἐκ</em></strong></span> <span class='ocrx_word' id='word_1_59' title='bbox 655 1294 791 1377; x_wconf 92' lang='grc' dir='ltr'><strong><em>θρόνων</em></strong></span> <span class='ocrx_word' id='word_1_60' title='bbox 815 1291 976 1378; x_wconf 73' lang='grc' dir='ltr'><strong><em>διέρχεται</em></strong></span> 
     </span>
    </p>

    <p class='ocr_par' dir='ltr' id='par_1_8' title="bbox 261 1397 1018 1486">
     <span class='ocr_line' id='line_1_12' title="bbox 261 1397 1018 1486; baseline 0.003 -24"><span class='ocrx_word' id='word_1_61' title='bbox 261 1397 392 1482; x_wconf 81' lang='grc' dir='ltr'><strong><em>στέγας,</em></strong></span> <span class='ocrx_word' id='word_1_62' title='bbox 415 1397 521 1484; x_wconf 80' lang='grc' dir='ltr'><strong><em>ἀβρὸν</em></strong></span> <span class='ocrx_word' id='word_1_63' title='bbox 543 1400 708 1482; x_wconf 81' lang='grc' dir='ltr'><strong><em>βαίνουσα</em></strong></span> <span class='ocrx_word' id='word_1_64' title='bbox 729 1399 902 1486; x_wconf 69' lang='grc' dir='ltr'><strong><em>παλλεύκςο</em></strong></span> <span class='ocrx_word' id='word_1_65' title='bbox 925 1401 1018 1482; x_wconf 88' lang='grc' dir='ltr'><strong><em>ποδί,</em></strong></span> 
     </span>
    </p>

    <p class='ocr_par' dir='ltr' id='par_1_9' title="bbox 261 1504 1183 1696">
     <span class='ocr_line' id='line_1_13' title="bbox 262 1504 1183 1590; baseline -0.001 -21"><span class='ocrx_word' id='word_1_66' title='bbox 262 1505 382 1590; x_wconf 82' lang='grc' dir='ltr'><strong><em>δώροις</em></strong></span> <span class='ocrx_word' id='word_1_67' title='bbox 404 1504 664 1590; x_wconf 90' lang='grc' dir='ltr'><strong><em>ὑπερχαίρουσα,</em></strong></span> <span class='ocrx_word' id='word_1_68' title='bbox 686 1506 793 1569; x_wconf 89' lang='grc' dir='ltr'><strong><em>πολλά</em></strong></span> <span class='ocrx_word' id='word_1_69' title='bbox 815 1505 972 1581; x_wconf 78' lang='grc' dir='ltr'><strong><em>πολλάκις</em></strong></span> <span class='ocrx_word' id='word_1_70' title='bbox 1149 1520 1183 1569; x_wconf 79' lang='lat'><strong><em>45</em></strong></span> 
     </span>
     <span class='ocr_line' id='line_1_14' title="bbox 261 1608 963 1696; baseline 0.001 -21"><span class='ocrx_word' id='word_1_71' title='bbox 261 1609 387 1676; x_wconf 87' lang='grc' dir='ltr'><strong><em>τένοντ’</em></strong></span> <span class='ocrx_word' id='word_1_72' title='bbox 414 1608 448 1687; x_wconf 88' lang='grc' dir='ltr'><strong><em>ἐς</em></strong></span> <span class='ocrx_word' id='word_1_73' title='bbox 471 1610 578 1696; x_wconf 88' lang='grc' dir='ltr'><strong><em>ὀρθὸν</em></strong></span> <span class='ocrx_word' id='word_1_74' title='bbox 600 1612 722 1693; x_wconf 84' lang='grc' dir='ltr'><strong><em>ὄμμασι</em></strong></span> <span class='ocrx_word' id='word_1_75' title='bbox 746 1609 963 1695; x_wconf 87' lang='grc' dir='ltr'><strong><em>σκοπουμένη.</em></strong></span> 
     </span>
    </p>

    <p class='ocr_par' dir='ltr' id='par_1_10' title="bbox 262 1713 1031 1801">
     <span class='ocr_line' id='line_1_15' title="bbox 262 1713 1031 1801; baseline 0.003 -20"><span class='ocrx_word' id='word_1_76' title='bbox 262 1716 446 1783; x_wconf 86' lang='grc' dir='ltr'><strong><em>τούνθένδε</em></strong></span> <span class='ocrx_word' id='word_1_77' title='bbox 468 1715 581 1799; x_wconf 92' lang='grc' dir='ltr'><strong><em>μέντοι</em></strong></span> <span class='ocrx_word' id='word_1_78' title='bbox 605 1719 718 1782; x_wconf 92' lang='grc' dir='ltr'><strong><em>δεινὸν</em></strong></span> <span class='ocrx_word' id='word_1_79' title='bbox 741 1713 783 1801; x_wconf 73' lang='grc' dir='ltr'><strong><em>ἦν</em></strong></span> <span class='ocrx_word' id='word_1_80' title='bbox 805 1716 902 1799; x_wconf 86' lang='grc' dir='ltr'><strong><em>θέαμ’</em></strong></span> <span class='ocrx_word' id='word_1_81' title='bbox 931 1719 1031 1783; x_wconf 80' lang='grc' dir='ltr'><strong><em>ἰδεῖν·</em></strong></span> 
     </span>
    </p>

    <p class='ocr_par' dir='ltr' id='par_1_11' title="bbox 262 1822 913 1909">
     <span class='ocr_line' id='line_1_16' title="bbox 262 1822 913 1909; baseline -0.003 -20"><span class='ocrx_word' id='word_1_82' title='bbox 262 1825 379 1909; x_wconf 86' lang='grc' dir='ltr'><strong><em>χροιάν</em></strong></span> <span class='ocrx_word' id='word_1_83' title='bbox 401 1825 464 1909; x_wconf 84' lang='grc' dir='ltr'><strong><em>γάρ</em></strong></span> <span class='ocrx_word' id='word_1_84' title='bbox 488 1822 653 1901; x_wconf 81' lang='grc' dir='ltr'><strong><em>ἀλλάξασα</em></strong></span> <span class='ocrx_word' id='word_1_85' title='bbox 676 1826 789 1908; x_wconf 87' lang='grc' dir='ltr'><strong><em>λεχρία</em></strong></span> <span class='ocrx_word' id='word_1_86' title='bbox 811 1824 913 1889; x_wconf 87' lang='grc' dir='ltr'><strong><em>πάλιν</em></strong></span> 
     </span>
    </p>

    <p class='ocr_par' dir='ltr' id='par_1_12' title="bbox 261 1929 1186 2228">
     <span class='ocr_line' id='line_1_17' title="bbox 262 1929 1001 2015; baseline 0 -19"><span class='ocrx_word' id='word_1_87' title='bbox 262 1940 361 2015; x_wconf 88' lang='grc' dir='ltr'><strong><em>χωρεῖ</em></strong></span> <span class='ocrx_word' id='word_1_88' title='bbox 382 1929 548 2015; x_wconf 84' lang='grc' dir='ltr'><strong><em>τρέμουσα</em></strong></span> <span class='ocrx_word' id='word_1_89' title='bbox 570 1934 659 1995; x_wconf 86' lang='grc' dir='ltr'><strong><em>κῶλα</em></strong></span> <span class='ocrx_word' id='word_1_90' title='bbox 682 1930 736 1994; x_wconf 77' lang='grc' dir='ltr'><strong><em>καὶ</em></strong></span> <span class='ocrx_word' id='word_1_91' title='bbox 758 1931 852 2012; x_wconf 91' lang='grc' dir='ltr'><strong><em>μόλις</em></strong></span> <span class='ocrx_word' id='word_1_92' title='bbox 876 1931 1001 2014; x_wconf 82' lang='grc' dir='ltr'><strong><em>φθάνει</em></strong></span> 
     </span>
     <span class='ocr_line' id='line_1_18' title="bbox 261 2035 1186 2122; baseline -0.002 -20"><span class='ocrx_word' id='word_1_93' title='bbox 261 2039 440 2122; x_wconf 87' lang='grc' dir='ltr'><strong><em>θρόνοισιν</em></strong></span> <span class='ocrx_word' id='word_1_94' title='bbox 462 2035 648 2118; x_wconf 80' lang='grc' dir='ltr'><strong><em>ἐμπεσοῦσα</em></strong></span> <span class='ocrx_word' id='word_1_95' title='bbox 670 2039 715 2120; x_wconf 80' lang='grc' dir='ltr'><strong><em>μη</em></strong></span> <span class='ocrx_word' id='word_1_96' title='bbox 738 2036 836 2121; x_wconf 85' lang='grc' dir='ltr'><strong><em>χαμαὶ</em></strong></span> <span class='ocrx_word' id='word_1_97' title='bbox 859 2047 981 2102; x_wconf 87' lang='grc' dir='ltr'><strong><em>πεσεῖν.</em></strong></span> <span class='ocrx_word' id='word_1_98' title='bbox 1152 2051 1186 2100; x_wconf 82' lang='lat'><strong><em>50</em></strong></span> 
     </span>
     <span class='ocr_line' id='line_1_19' title="bbox 263 2142 982 2228; baseline 0 -20"><span class='ocrx_word' id='word_1_99' title='bbox 263 2146 321 2208; x_wconf 92' lang='grc' dir='ltr'><strong><em>καί</em></strong></span> <span class='ocrx_word' id='word_1_100' title='bbox 341 2166 391 2220; x_wconf 89' lang='grc' dir='ltr'><strong><em>τις</em></strong></span> <span class='ocrx_word' id='word_1_101' title='bbox 413 2145 528 2228; x_wconf 88' lang='grc' dir='ltr'><strong><em>γεραιά</em></strong></span> <span class='ocrx_word' id='word_1_102' title='bbox 550 2145 749 2228; x_wconf 83' lang='grc' dir='ltr'><strong><em>προσπόλων</em></strong></span> <span class='ocrx_word' id='word_1_103' title='bbox 772 2142 894 2221; x_wconf 86' lang='grc' dir='ltr'><strong><em>δόξασά</em></strong></span> <span class='ocrx_word' id='word_1_104' title='bbox 916 2165 982 2208; x_wconf 88' lang='grc' dir='ltr'><strong><em>που</em></strong></span> 
     </span>
    </p>

    <p class='ocr_par' dir='ltr' id='par_1_13' title="bbox 262 2249 952 2335">
     <span class='ocr_line' id='line_1_20' title="bbox 262 2249 952 2335; baseline 0.001 -22"><span class='ocrx_word' id='word_1_105' title='bbox 262 2249 283 2333; x_wconf 73' lang='grc' dir='ltr'><em>ἢ</em></span> <span class='ocrx_word' id='word_1_106' title='bbox 307 2250 421 2325; x_wconf 86' lang='grc' dir='ltr'><strong><em>Πανὸς</em></strong></span> <span class='ocrx_word' id='word_1_107' title='bbox 443 2249 544 2335; x_wconf 84' lang='grc' dir='ltr'><strong><em>ὀργάς</em></strong></span> <span class='ocrx_word' id='word_1_108' title='bbox 565 2249 586 2333; x_wconf 75' lang='grc' dir='ltr'><em>ἢ</em></span> <span class='ocrx_word' id='word_1_109' title='bbox 609 2250 700 2326; x_wconf 87' lang='grc' dir='ltr'><strong><em>τινὸς</em></strong></span> <span class='ocrx_word' id='word_1_110' title='bbox 722 2256 814 2315; x_wconf 86' lang='grc' dir='ltr'><strong><em>θεῶν</em></strong></span> <span class='ocrx_word' id='word_1_111' title='bbox 836 2254 952 2331; x_wconf 92' lang='grc' dir='ltr'><strong><em>μολεῖν</em></strong></span> 
     </span>
    </p>

    <p class='ocr_par' dir='ltr' id='par_1_14' title="bbox 264 2354 918 2442">
     <span class='ocr_line' id='line_1_21' title="bbox 264 2354 918 2442; baseline 0 -21"><span class='ocrx_word' id='word_1_112' title='bbox 264 2355 464 2439; x_wconf 82' lang='grc' dir='ltr'><strong><em>ἀνωλόλυξε,</em></strong></span> <span class='ocrx_word' id='word_1_113' title='bbox 487 2358 568 2441; x_wconf 92' lang='grc' dir='ltr'><strong><em>πρίν</em></strong></span> <span class='ocrx_word' id='word_1_114' title='bbox 591 2354 621 2439; x_wconf 89' lang='grc' dir='ltr'><strong><em>γ’</em></strong></span> <span class='ocrx_word' id='word_1_115' title='bbox 649 2355 713 2442; x_wconf 81' lang='grc' dir='ltr'><strong><em>ὁρᾷ</em></strong></span> <span class='ocrx_word' id='word_1_116' title='bbox 735 2357 790 2421; x_wconf 90' lang='grc' dir='ltr'><strong><em>διά</em></strong></span> <span class='ocrx_word' id='word_1_117' title='bbox 813 2359 918 2439; x_wconf 91' lang='grc' dir='ltr'><strong><em>στόμα</em></strong></span> 
     </span>
    </p>

    <p class='ocr_par' dir='ltr' id='par_1_15' title="bbox 264 2460 1045 2549">
     <span class='ocr_line' id='line_1_22' title="bbox 264 2460 1045 2549; baseline 0.001 -22"><span class='ocrx_word' id='word_1_118' title='bbox 264 2471 437 2548; x_wconf 88' lang='grc' dir='ltr'><strong><em>χωροῦντα</em></strong></span> <span class='ocrx_word' id='word_1_119' title='bbox 459 2465 580 2528; x_wconf 88' lang='grc' dir='ltr'><strong><em>λευκὸν</em></strong></span> <span class='ocrx_word' id='word_1_120' title='bbox 602 2461 726 2549; x_wconf 85' lang='grc' dir='ltr'><strong><em>ἀφρόν,</em></strong></span> <span class='ocrx_word' id='word_1_121' title='bbox 750 2461 904 2544; x_wconf 87' lang='grc' dir='ltr'><strong><em>ὀμμάτων</em></strong></span> <span class='ocrx_word' id='word_1_122' title='bbox 926 2460 954 2527; x_wconf 92' lang='grc' dir='ltr'><strong><em>τ’</em></strong></span> <span class='ocrx_word' id='word_1_123' title='bbox 982 2462 1045 2528; x_wconf 90' lang='grc' dir='ltr'><strong><em>ἀπὸ</em></strong></span> 
     </span>
    </p>

    <p class='ocr_par' dir='ltr' id='par_1_16' title="bbox 265 2561 1186 2760">
     <span class='ocr_line' id='line_1_23' title="bbox 266 2561 1186 2655; baseline -0.002 -21"><span class='ocrx_word' id='word_1_124' title='bbox 266 2572 366 2655; x_wconf 90' lang='grc' dir='ltr'><strong><em>κόρας</em></strong></span> <span class='ocrx_word' id='word_1_125' title='bbox 387 2567 613 2655; x_wconf 85' lang='grc' dir='ltr'><strong><em>στρέφουσαν,</em></strong></span> <span class='ocrx_word' id='word_1_126' title='bbox 637 2561 716 2652; x_wconf 85' lang='grc' dir='ltr'><strong><em>αἷμά</em></strong></span> <span class='ocrx_word' id='word_1_127' title='bbox 738 2568 766 2634; x_wconf 86' lang='grc' dir='ltr'><strong><em>τ’</em></strong></span> <span class='ocrx_word' id='word_1_128' title='bbox 795 2569 856 2636; x_wconf 85' lang='grc' dir='ltr'><strong><em>οὐκ</em></strong></span> <span class='ocrx_word' id='word_1_129' title='bbox 880 2567 958 2634; x_wconf 83' lang='grc' dir='ltr'><strong><em>ἐνὸν</em></strong></span> <span class='ocrx_word' id='word_1_130' title='bbox 980 2571 1068 2654; x_wconf 80' lang='grc' dir='ltr'><strong><em>χροΐ·</em></strong></span> <span class='ocrx_word' id='word_1_131' title='bbox 1153 2583 1186 2633; x_wconf 79' lang='lat'><strong><em>55</em></strong></span> 
     </span>
     <span class='ocr_line' id='line_1_24' title="bbox 265 2671 969 2760; baseline 0.001 -20"><span class='ocrx_word' id='word_1_132' title='bbox 265 2671 323 2740; x_wconf 81' lang='grc' dir='ltr'><strong><em>εἶτ’</em></strong></span> <span class='ocrx_word' id='word_1_133' title='bbox 351 2674 555 2758; x_wconf 90' lang='grc' dir='ltr'><strong><em>ἀντίμολπον</em></strong></span> <span class='ocrx_word' id='word_1_134' title='bbox 576 2671 656 2760; x_wconf 73' lang='grc' dir='ltr'><strong><em>ἧκεν</em></strong></span> <span class='ocrx_word' id='word_1_135' title='bbox 679 2677 842 2758; x_wconf 83' lang='grc' dir='ltr'><strong><em>ὀλολυγῆς</em></strong></span> <span class='ocrx_word' id='word_1_136' title='bbox 864 2674 969 2759; x_wconf 90' lang='grc' dir='ltr'><strong><em>μέγαν</em></strong></span> 
     </span>
    </p>

    <p class='ocr_par' dir='ltr' id='par_1_17' title="bbox 264 2779 1105 3081">
     <span class='ocr_line' id='line_1_25' title="bbox 264 2779 1105 2867; baseline 0.002 -22"><span class='ocrx_word' id='word_1_137' title='bbox 264 2783 422 2846; x_wconf 90' lang='grc' dir='ltr'><strong><em>κωκυτόν.</em></strong></span> <span class='ocrx_word' id='word_1_138' title='bbox 455 2781 560 2859; x_wconf 84' lang='grc' dir='ltr'><strong><em>εὐθύς</em></strong></span> <span class='ocrx_word' id='word_1_139' title='bbox 583 2781 613 2848; x_wconf 89' lang='grc' dir='ltr'><strong><em>δ’</em></strong></span> <span class='ocrx_word' id='word_1_140' title='bbox 640 2783 661 2866; x_wconf 76' lang='grc' dir='ltr'><strong><em>ἣ</em></strong></span> <span class='ocrx_word' id='word_1_141' title='bbox 683 2779 744 2864; x_wconf 76' lang='grc' dir='ltr'><strong><em>μὲν</em></strong></span> <span class='ocrx_word' id='word_1_142' title='bbox 767 2783 815 2860; x_wconf 82' lang='grc' dir='ltr'><strong><em>εἰς</em></strong></span> <span class='ocrx_word' id='word_1_143' title='bbox 836 2783 960 2867; x_wconf 87' lang='grc' dir='ltr'><strong><em>πατρὸς</em></strong></span> <span class='ocrx_word' id='word_1_144' title='bbox 983 2783 1105 2866; x_wconf 89' lang='grc' dir='ltr'><strong><em>δόμους</em></strong></span> 
     </span>
     <span class='ocr_line' id='line_1_26' title="bbox 265 2886 999 2977; baseline 0.001 -25"><span class='ocrx_word' id='word_1_145' title='bbox 265 2888 431 2975; x_wconf 81' lang='grc' dir='ltr'><strong><em>ὥρμησεν,</em></strong></span> <span class='ocrx_word' id='word_1_146' title='bbox 453 2889 474 2972; x_wconf 78' lang='grc' dir='ltr'><em>ἣ</em></span> <span class='ocrx_word' id='word_1_147' title='bbox 498 2886 534 2954; x_wconf 76' lang='grc' dir='ltr'><strong><em>δέ</em></strong></span> <span class='ocrx_word' id='word_1_148' title='bbox 557 2890 640 2977; x_wconf 87' lang='grc' dir='ltr'><strong><em>πρὸς</em></strong></span> <span class='ocrx_word' id='word_1_149' title='bbox 662 2892 721 2955; x_wconf 88' lang='grc' dir='ltr'><strong><em>τὸν</em></strong></span> <span class='ocrx_word' id='word_1_150' title='bbox 744 2889 863 2975; x_wconf 89' lang='grc' dir='ltr'><strong><em>ἀρτίως</em></strong></span> <span class='ocrx_word' id='word_1_151' title='bbox 884 2890 999 2971; x_wconf 89' lang='grc' dir='ltr'><strong><em>πόσιν,</em></strong></span> 
     </span>
     <span class='ocr_line' id='line_1_27' title="bbox 266 2990 998 3081; baseline -0.003 -21"><span class='ocrx_word' id='word_1_152' title='bbox 266 2995 441 3080; x_wconf 84' lang='grc' dir='ltr'><strong><em>φράσουσα</em></strong></span> <span class='ocrx_word' id='word_1_153' title='bbox 464 2996 597 3080; x_wconf 85' lang='grc' dir='ltr'><strong><em>νύμφης</em></strong></span> <span class='ocrx_word' id='word_1_154' title='bbox 620 2996 805 3081; x_wconf 85' lang='grc' dir='ltr'><strong><em>συμφοράς·</em></strong></span> <span class='ocrx_word' id='word_1_155' title='bbox 828 2997 938 3060; x_wconf 85' lang='grc' dir='ltr'><strong><em>ἀπασα</em></strong></span> <span class='ocrx_word' id='word_1_156' title='bbox 961 2990 998 3058; x_wconf 73' lang='grc' dir='ltr'><strong><em>δὲ</em></strong></span> 
     </span>
    </p>

    <p class='ocr_par' dir='ltr' id='par_1_18' title="bbox 266 3099 1188 3290">
     <span class='ocr_line' id='line_1_28' title="bbox 267 3099 1188 3186; baseline 0 -21"><span class='ocrx_word' id='word_1_157' title='bbox 267 3099 365 3186; x_wconf 81' lang='grc' dir='ltr'><strong><em>στέγη</em></strong></span> <span class='ocrx_word' id='word_1_158' title='bbox 387 3111 565 3166; x_wconf 86' lang='grc' dir='ltr'><strong><em>πυκνοῖσιν</em></strong></span> <span class='ocrx_word' id='word_1_159' title='bbox 588 3100 719 3167; x_wconf 77' lang='grc' dir='ltr'><strong><em>ἐκτύπει</em></strong></span> <span class='ocrx_word' id='word_1_160' title='bbox 743 3102 959 3186; x_wconf 81' lang='grc' dir='ltr'><strong><em>δραμήμασιν.</em></strong></span> <span class='ocrx_word' id='word_1_161' title='bbox 1155 3117 1188 3166; x_wconf 83' lang='grc'><strong><em>60</em></strong></span> 
     </span>
     <span class='ocr_line' id='line_1_29' title="bbox 266 3205 1003 3290; baseline -0.001 -18"><span class='ocrx_word' id='word_1_162' title='bbox 266 3207 287 3290; x_wconf 76' lang='grc' dir='ltr'><strong><em>ἣ</em></strong></span> <span class='ocrx_word' id='word_1_163' title='bbox 310 3206 339 3272; x_wconf 93' lang='grc' dir='ltr'><strong><em>δ’</em></strong></span> <span class='ocrx_word' id='word_1_164' title='bbox 367 3205 400 3285; x_wconf 84' lang='grc' dir='ltr'><strong><em>ἐξ</em></strong></span> <span class='ocrx_word' id='word_1_165' title='bbox 424 3206 572 3273; x_wconf 88' lang='grc' dir='ltr'><strong><em>ἀναύδου</em></strong></span> <span class='ocrx_word' id='word_1_166' title='bbox 596 3209 649 3273; x_wconf 86' lang='grc' dir='ltr'><strong><em>καλ</em></strong></span> <span class='ocrx_word' id='word_1_167' title='bbox 672 3208 837 3290; x_wconf 88' lang='grc' dir='ltr'><strong><em>μύσαντος</em></strong></span> <span class='ocrx_word' id='word_1_168' title='bbox 859 3210 1003 3290; x_wconf 81' lang='grc' dir='ltr'><strong><em>ὄμματος</em></strong></span> 
     </span>
    </p>

    <p class='ocr_par' dir='ltr' id='par_1_19' title="bbox 268 3312 957 3399">
     <span class='ocr_line' id='line_1_30' title="bbox 268 3312 957 3399; baseline 0.001 -21"><span class='ocrx_word' id='word_1_169' title='bbox 268 3314 380 3378; x_wconf 93' lang='grc' dir='ltr'><strong><em>δεινὸν</em></strong></span> <span class='ocrx_word' id='word_1_170' title='bbox 404 3312 571 3392; x_wconf 81' lang='grc' dir='ltr'><strong><em>στενάξασ’</em></strong></span> <span class='ocrx_word' id='word_1_171' title='bbox 599 3314 619 3398; x_wconf 82' lang='grc' dir='ltr'><em>ἡ</em></span> <span class='ocrx_word' id='word_1_172' title='bbox 642 3313 767 3380; x_wconf 89' lang='grc' dir='ltr'><strong><em>τάλαιν’</em></strong></span> <span class='ocrx_word' id='word_1_173' title='bbox 795 3316 957 3399; x_wconf 80' lang='grc' dir='ltr'><strong><em>ἠγείρετο·</em></strong></span> 
     </span>
    </p>

    <p class='ocr_par' dir='ltr' id='par_1_20' title="bbox 268 3419 989 3507">
     <span class='ocr_line' id='line_1_31' title="bbox 268 3419 989 3507; baseline 0.001 -23"><span class='ocrx_word' id='word_1_174' title='bbox 268 3421 409 3485; x_wconf 82' lang='grc' dir='ltr'><strong><em>διπλοῦν</em></strong></span> <span class='ocrx_word' id='word_1_175' title='bbox 432 3423 494 3506; x_wconf 87' lang='grc' dir='ltr'><strong><em>γάρ</em></strong></span> <span class='ocrx_word' id='word_1_176' title='bbox 519 3421 601 3507; x_wconf 75' lang='grc' dir='ltr'><strong><em>αὐτῇ</em></strong></span> <span class='ocrx_word' id='word_1_177' title='bbox 624 3419 702 3504; x_wconf 80' lang='grc' dir='ltr'><strong><em>πῆμ’</em></strong></span> <span class='ocrx_word' id='word_1_178' title='bbox 730 3420 989 3507; x_wconf 86' lang='grc' dir='ltr'><strong><em>ἐπεσιρατεύετο.</em></strong></span> 
     </span>
    </p>

    <p class='ocr_par' dir='ltr' id='par_1_21' title="bbox 267 3524 1033 3612">
     <span class='ocr_line' id='line_1_32' title="bbox 267 3524 1033 3612; baseline 0.004 -22"><span class='ocrx_word' id='word_1_179' title='bbox 267 3535 412 3611; x_wconf 89' lang='grc' dir='ltr'><strong><em>χρυσοῦς</em></strong></span> <span class='ocrx_word' id='word_1_180' title='bbox 433 3524 495 3611; x_wconf 76' lang='grc' dir='ltr'><strong><em>μέν</em></strong></span> <span class='ocrx_word' id='word_1_181' title='bbox 518 3527 601 3611; x_wconf 74' lang='grc' dir='ltr'><strong><em>ἀμφὶ</em></strong></span> <span class='ocrx_word' id='word_1_182' title='bbox 625 3529 719 3612; x_wconf 79' lang='grc' dir='ltr'><strong><em>κρατί</em></strong></span> <span class='ocrx_word' id='word_1_183' title='bbox 742 3530 890 3609; x_wconf 90' lang='grc' dir='ltr'><strong><em>κείμενος</em></strong></span> <span class='ocrx_word' id='word_1_184' title='bbox 911 3530 1033 3605; x_wconf 88' lang='grc' dir='ltr'><strong><em>πλόκος</em></strong></span> 
     </span>
    </p>
   </div>
   <div class='ocr_carea' id='block_1_3' title="bbox 0 0 1351 3994">
    <p class='ocr_par' dir='ltr' id='par_1_22' title="bbox 0 0 1351 3994">
     <span class='ocr_line' id='line_1_33' title="bbox 0 0 1351 3994; baseline 0 0"><span class='ocrx_word' id='word_1_185' title='bbox 0 0 1351 3994; x_wconf 95' lang='lat' dir='ltr'><strong><em> </em></strong></span> 
     </span>
    </p>
   </div>
  </div>
 </body>
</html>
