2668 3994
541 126 574 179 V.
594 129 791 180 ΑΙΣΧΥΛΟΣ.
1129 127 1172 192 17

266 287 362 354 πέδοι
385 285 423 354 δὲ
444 291 544 374 βᾶσαι
567 290 625 367 τὰς
646 291 897 376 προσερπούσας
919 291 1020 375 τύχας
1130 287 1173 356 ἐν

266 394 447 480 ἀκούσαθ’,
470 396 514 472 ὡς
535 396 664 480 μάθητε
687 397 743 462 διὰ
764 395 880 474 τέλους
902 399 939 462 τὸ
962 407 1038 463 πᾶν.

226 547 230 555 1
266 500 416 568 πίθεσθέ
434 526 505 587 μοι,
529 505 688 586 πίθεσθε,
713 507 944 588 συμπονήσατε

266 616 311 697 τῷ
330 617 395 674 νῦν
416 617 586 692 μογοῦντι.
617 609 721 676 ταύτά
743 633 796 676 τοι
817 610 1013 696 πλανωμένη

265 716 349 800 πρὸς
370 713 479 780 ἄλλοτ’
506 715 608 781 ἄλλον
630 717 760 801 πημονὴ
783 717 980 803 προσιζάνει.

160 960 199 1028 V.
229 962 440 1031 Prometheus
468 967 500 1029 οῖ
531 962 567 1029 Io
601 965 734 1030 iniurias
762 987 781 1029 a
807 963 884 1030 Iove
911 970 1056 1050 acceptas
1086 966 1172 1033 infler

392 1081 393 1084 ¹
512 1074 546 1118 se
568 1058 814 1138 conqueruntur.

292 1173 430 1244 (Aesohyl.
450 1173 588 1230 Prometh.
604 1179 752 1229 609-686.
773 1175 807 1229 cf.
827 1175 894 1230 fasc.
909 1175 922 1228 I
939 1194 967 1245 p.
983 1166 1036 1246 33.)

230 1280 275 1333 Ad
285 1279 450 1336 Promethea
459 1279 584 1336 Caucaso
594 1281 716 1348 affixum,
727 1281 776 1350 qui
786 1282 869 1336 choro
879 1281 897 1334 i.
908 1297 931 1335 e.
943 1281 1047 1336 Oceani
1056 1282 1170 1338 filiabus

159 1351 242 1405 modo
261 1351 306 1420 (cf.
321 1370 345 1422 τ.
362 1353 388 1422 ῖ)
407 1369 519 1407 suorum
532 1352 671 1407 malorum
687 1351 790 1407 molem
804 1353 956 1420 enarravit,
975 1353 1015 1420 Io,
1033 1353 1093 1408 filia
1106 1354 1170 1410 Ina-

159 1421 215 1490 chi,
227 1421 296 1476 item
310 1438 344 1478 ex
358 1422 468 1480 Oceano
482 1424 544 1478 nati
558 1426 592 1494 (v.
603 1426 657 1493 28),
671 1422 752 1479 furiis
766 1424 911 1494 exagitata
930 1441 1024 1479 errans
1045 1425 1169 1480 advenit.

520 1548 805 1616 ΠΡΟΜΗΘΕΥΣ.

266 1653 358 1733 Λέξω
381 1667 484 1744 τορῶς
506 1673 564 1722 σοι’
582 1667 649 1722 πᾶν
672 1657 752 1743 ὅπερ
775 1655 902 1744 χρῄζεις
923 1658 1060 1741 μαθεῖν,

267 1763 328 1828 οὐκ
351 1761 519 1844 ἐμπλέκων
541 1763 719 1847 αἰνίγματ’,
743 1762 813 1828 ἀλλ’
841 1764 933 1852 ἁπλῷ
957 1767 1058 1851 λόγῳ,

267 1870 375 1955 ὥσπερ
399 1871 529 1935 δίκαιον
551 1871 633 1956 πρὸς
656 1874 778 1954 φίλους
799 1875 906 1954 οἴγειν
928 1874 1045 1952 στόμα·

186 1983 192 1996 ’
266 1977 371 2062 πυρὸς
393 1978 525 2060 βροτοῖς
547 1975 658 2062 δοτῆρ’
685 1976 765 2064 ὁρᾷς
788 1975 980 2062 Προμηθέα.

635 2099 692 2166 ΙΩ.

267 2202 291 2271 ὦ
315 2207 430 2272 κοινὸν
451 2205 608 2291 ὠφέλημα
630 2213 808 2291 θνητοῖσιν
831 2211 963 2292 φανείς,
1138 2224 1154 2272 5

265 2318 389 2396 τλῆμον
412 2317 611 2398 Προμηθεῦ,
634 2322 694 2378 τοῦ
718 2314 814 2398 δίκην
837 2315 971 2398 πάσχεις
993 2315 1086 2394 πάθω

158 2417 227 2484 ΠΡ.
264 2418 363 2504 ἁρμοῖ
384 2417 552 2501 πέπαυμαι
574 2421 653 2496 τοὺς
676 2418 774 2501 ἐμοὺς
796 2427 934 2507 θρηνῶν
957 2421 1088 2498 πόνους.

158 2523 216 2590 ΙΩ.
267 2526 392 2590 ούιιουν
413 2529 529 2612 πόροις
552 2524 594 2591 άν
616 2527 715 2609 τήνδε
738 2528 880 2612 δωρειάν
902 2525 976 2609 ἐμοί
983 2555 991 2607 ;

158 2631 226 2696 ΠΡ.
266 2629 333 2715 λέγ’
358 2631 464 2714 ἥντιν’
491 2635 589 2698 αἰτεῖ·
612 2627 679 2700 πᾶν
701 2634 764 2718 γάρ
787 2632 830 2699 ἂν
852 2635 978 2700 πύθοιό
1000 2658 1074 2715 μου.

49 2811 52 2816 ,
158 2737 216 2804 ΙΩ.
267 2739 416 2823 σήμηνον
439 2739 529 2816 ὅστις
551 2737 589 2804 ἐν
612 2739 761 2825 φάραγγί
781 2739 811 2804 σ’
838 2741 996 2825 ὤχμασεν.
1134 2757 1169 2805 10

158 2843 227 2909 ΠΡ.
265 2846 435 2928 βούλευμα
456 2846 519 2928 μέν
540 2847 577 2911 τὸ
601 2852 702 2930 Δῖον,
721 2843 906 2930 Ἡφαίστου
930 2847 967 2913 δὲ
989 2849 1069 2933 χείρ.

159 2950 216 3018 ΙΩ.
266 2940 432 3017 ποίωνόέ
454 2954 572 3030 ποινάς
594 2951 856 3037 ἀμπλακημάτων
878 2956 992 3032 τι’νεις;

159 3057 226 3124 ΠΡ.
266 3067 427 3124 τοσοῦτον
450 3057 538 3145 ἀρκῶ
562 3075 616 3125 σοι
638 3061 822 3144 σαφηνίσας
843 3062 957 3144 μόνον.

158 3162 217 3230 ΙΩ.
267 3165 322 3230 καὶ
344 3169 427 3251 πρός
449 3191 487 3250 γε
509 3167 639 3243 τούτοις
661 3165 762 3252 τέρμα
783 3175 841 3250 τής
864 3166 942 3250 ἐμής
964 3166 1090 3251 πλάνης

267 3271 376 3350 δεῖξον
397 3274 447 3350 τίς
469 3271 560 3338 ἔσται
583 3283 622 3359 τῇ
645 3275 839 3362 ταλαιπώρῳ
863 3276 990 3359 χρόνος.
1135 3288 1169 3337 15

158 3376 227 3442 ΠΡ.
266 3379 303 3442 τὸ
325 3380 369 3462 μή
391 3385 514 3461 μαθεῖν
537 3396 590 3446 σοι
612 3389 768 3465 κρεῖσσον
790 3379 810 3464 ή
833 3387 955 3463 μαθεῖν
979 3381 1065 3445 τάδε.

158 3481 216 3548 ΙΩ.
266 3487 363 3568 μήτοι
385 3509 425 3567 με
447 3486 576 3572 τρύγης
597 3485 694 3551 τοῦθ’
721 3487 801 3571 ὅπερ
825 3485 932 3573 μέλλω
955 3492 1087 3553 παθεῖν.

212 3597 364 3650 morilegium
378 3599 490 3640 Graecum
504 3601 545 3640 x1.
992 3597 1008 3644 3
