2668 3994
150 130 189 184 VI
558 127 767 220 PRAEnATIO.

149 297 320 378 poctarum
345 293 499 358 varietate
518 294 707 380 conquisita,
730 295 827 359 etiam
847 317 967 382 eorum,
990 297 1047 382 qui
1064 319 1167 381 nuper

47 409 51 416 “
152 402 186 466 in
208 398 361 486 Aegypto
390 401 513 465 inventi
541 405 628 485 sunt,
662 401 842 466 duodecimi
873 424 974 486 paene
1001 403 1166 469 dimidiam

150 511 277 592 partem
313 505 500 572 Aristotelis
533 505 722 592 Ἀθηναίων
753 508 902 574 acriam
938 509 1074 594 obtinet,
1112 509 1167 594 qui

151 614 235 678 liber
258 617 290 678 et
317 617 507 701 argumento
537 618 569 678 et
597 636 741 680 sermone
771 619 897 699 praeter
919 615 999 681 alios
1022 616 1097 681 huic
1120 617 1167 682 rei

151 725 247 805 aptus
281 742 349 786 esse
381 721 564 805 videbatur,
598 720 723 806 reliqua
753 720 805 786 vel
837 722 878 786 cd
908 745 959 786 res
991 745 1010 786 a
1038 721 1166 788 Graecis

152 831 260 915 gestas
295 827 348 893 vel
379 828 420 892 ad
452 827 630 892 doctrinam
662 829 902 893 constitutionis
938 829 986 892 rei
1020 829 1167 912 publicae

154 937 307 1021 pertinet3
330 934 477 1019 proximo
498 933 663 1018 discipulis
682 937 782 999 vitam
800 936 959 1020 privatam
976 933 1167 1001 Graecorum

154 1063 173 1106 a
197 1042 331 1120 diversis
354 1041 501 1125 partibus
524 1043 570 1105 eis
588 1041 655 1104 fere
673 1042 848 1129 incognitis
867 1041 1028 1107 illustrare
1046 1043 1168 1108 studui-

154 1156 244 1228 mus‚''
257 1148 374 1213 ultimo
398 1169 452 1213 eos
472 1148 514 1212 ad
530 1148 683 1213 virtutem
704 1145 860 1214 (totorum
877 1150 1103 1232 admirandam,
1126 1150 1167 1214 ad

154 1255 348 1321 Hunnorum
371 1255 550 1320 barbariem
573 1255 827 1340 cognoscendam
851 1254 994 1343 (auctore
1017 1255 1167 1321 Vdalrico

155 1362 195 1427 de
222 1359 471 1448 Wilamowitu)‚
506 1361 547 1426 ad
579 1363 714 1428 oratoris
747 1359 921 1427 Christiani
952 1363 1168 1448 eloquentiam

157 1489 231 1534 curn
245 1468 464 1533 Demosthene
483 1472 515 1533 et
531 1467 684 1534 Cicerone
701 1470 935 1552 conparandam
954 1468 1069 1555 (suasit
1089 1467 1167 1534 Otto

156 1573 324 1662 Immis'ch)
361 1576 564 1640 transducere
585 1575 756 1660 ‘simulque
787 1580 861 1661 apte
892 1597 1047 1660 perorare.
1092 1597 1168 1640 nam

158 1682 336 1747 etiamhac
353 1685 457 1748 aetate
476 1682 694 1747 adulescentes
713 1703 782 1746 esse
800 1683 1014 1766 credebamus,
1033 1703 1169 1766 quorum

158 1790 283 1855 animos
306 1790 410 1876 magis
433 1790 558 1854 iuvaret
581 1790 622 1853 ad
644 1790 749 1854 fontes
772 1777 851 1854 eniti
875 1811 972 1874 quam
994 1811 1034 1853 ex
1055 1788 1168 1854 rivulis

158 1898 232 1962 inde
260 1897 399 1961 diductis
432 1897 547 1980 libare,
578 1892 771 1980 praesertim‘
797 1894 875 1983 cum}
897 1896 1072 1981 Procopius
1103 1917 1170 1961 non

158 2005 254 2070 modo
280 2004 438 2068 iucundus
460 2003 546 2068 lectu
569 2002 624 2068 sed
648 2002 744 2068 etiam
767 2002 871 2068 facilis
895 2003 1060 2068 intellectu
1078 2006 1170 2068 esset.

246 2199 449 2266 dermannus
475 2198 580 2264 Peter.
687 2237 690 2246 ι
740 2198 880 2265 Ioannes
905 2197 1038 2265 (tilbert.

247 2305 412 2376 teuredus
435 2305 592 2372 Dietrich.
736 2304 896 2371 Ernestus
921 2304 1085 2371 Schwabe.

246 2412 405 2479 Henricus
427 2411 569 2496 Heyden.
741 2410 892 2477 hawinus
916 2411 1062 2478 Pollack.

444 2518 577 2586 Carolus
599 2517 856 2588 Braudstaetter.
