2668 3994
537 155 608 208 XIV.
627 157 835 208 ΕΤΡΙΠΙΔΗΣ.
1148 155 1192 220 43

278 353 363 420 XIV.
395 354 614 438 Polyphemus
637 354 677 418 ab
701 351 797 418 Ulixe
822 352 915 418 oculo
939 353 1092 438 privatur.

221 458 374 529 (Euripidis
395 457 506 526 cyclop.
526 461 667 511 630—709
687 457 728 510 οδ.
748 456 856 510 Nauck.
886 457 920 510 cf.
940 457 1007 511 fasc.
1022 455 1036 509 1
1053 473 1080 526 p.
1096 459 1150 527 50.)

251 547 311 602 Ηοο
325 547 449 602 extrema
462 547 543 616 parte
557 545 671 600 fabulae
681 545 819 614 satyricae
830 545 925 599 Ulixes
940 562 1004 599 oum
1018 545 1102 600 choro
1115 549 1192 615 saty-

179 636 285 685 rorum,
314 635 383 686 quo·
401 617 590 686 Polyphemus
609 619 706 685 capto·
724 615 861 683 habebat,
888 616 920 670 in
947 616 1070 670 divorsas
1097 619 1191 687 partu

180 690 270 744 diviso
293 689 475 758 oolloquitur3
502 689 534 742 hi
560 690 656 743 umen
678 687 835 757 periculum
858 688 940 743 veriti
963 704 1021 741 rem
1036 687 1084 742 οδ
1103 688 1192 744 socios

180 760 256 815 Ulixi
275 759 406 815 deferunb
423 759 464 829 (ἐν
482 763 521 834 τῷ
535 759 610 826 Καρὶ
628 759 861 828 κινδυνεύουσιν).

561 849 810 916 ΟΔΤΣΣΕΤΣ.

276 958 356 1042 Ἀγε
379 983 445 1023 νυν
468 958 555 1034 ὅπως
578 959 706 1036 ὕφεσθε
728 966 788 1022 τοῦ
812 959 915 1023 δαλοῦ
939 966 1051 1043 χεροῖν

287 1068 350 1131 ε’σω
373 1066 543 1148 μολόντες·
567 1064 728 1150 διάπυρος
751 1062 781 1128 δ’
808 1061 900 1130 ἐστὶν
922 1068 1037 1141 καλῶς.

604 1167 759 1235 ΧΟΡΟΣ.

286 1278 410 1343 οὐκοῦν
432 1279 476 1342 σὺ
498 1275 618 1360 τάξεις,
641 1276 797 1353 οὕστινας
818 1277 970 1362 πρώτους
992 1277 1098 1362 χρεὼν

287 1384 411 1448 καυτὸν
432 1384 557 1467 μοχλὸν
580 1384 742 1466 λαβόντας
764 1380 895 1448 ἐκκάειν
915 1383 953 1448 τὸ
977 1394 1048 1466 φῶς

286 1491 483 1572 Κύκλωπος,
508 1489 552 1566 ὡς
574 1488 617 1554 δν
639 1498 697 1572 της
718 1489 819 1573 τύχης
841 1491 1044 1572 κοινῶμεθιι;
1175 1505 1191 1554 5

556 1593 814 1662 HMIXOPION.

285 1703 377 1787 ἡμεῖς
398 1701 460 1785 μέν
483 1701 582 1785 ἐσμεν
603 1703 807 1787 μακρότερον
829 1703 894 1788 πρὸ
916 1714 984 1768 τῶν
1005 1710 1125 1785 θυρῶν

284 1808 421 1886 ἑστῶτες
444 1809 548 1874 ὠθεῖν
570 1806 605 1885 ἐς
626 1810 685 1873 τὸν
708 1808 886 1893 ὀφθαλμὸν
908 1810 946 1873 τὸ
968 1818 1044 1895 πῦρ.

178 1914 254 1981 ΗΜ.
285 1917 377 2000 ἡμεῖς
400 1913 436 1980 δὲ
458 1918 562 2000 χωλοί
582 1914 613 1998 γ’
640 1915 759 2001 ἀρτίως
781 1918 996 2000 γεγενήμεθα.

178 2021 256 2088 ΗΜ.
285 2023 408 2088 ταύτὸν
430 2019 613 2087 πεπόνθατ’
640 2016 691 2107 ἆρ’
718 2019 804 2104 ἐμοί·
827 2024 906 2098 τοὺς
927 2024 990 2108 γάρ
1013 2024 1117 2100 πόδας

285 2127 422 2205 ἑστῶτες
444 2127 656 2212 ἐσπάσθημεν
680 2129 742 2193 οὐκ
764 2123 828 2194 οἶδ’
855 2126 888 2206 ἐξ
912 2128 1000 2195 ὅτου.
1158 2145 1191 2195 10

179 2233 243 2301 ΟΔ.
286 2234 422 2312 ἑστῶτες
445 2233 645 2318 ἐσπάσθητες
678 2234 754 2300 ΗΜ.
778 2232 834 2300 καὶ
856 2235 897 2299 τά
919 2234 949 2319 γ’
976 2237 1104 2318 ὄμματα

284 2339 375 2424 μέστ’
402 2339 494 2407 ἐστὶν
517 2342 610 2425 ἡμῶν
632 2343 747 2417 κόνεος
768 2339 788 2424 ἢ
812 2339 935 2427 τέφρας
956 2341 1073 2408 ποθέν.

179 2444 244 2512 ΟΔ.
286 2447 406 2533 ἄνδρες
428 2446 569 2533 πονηροὶ
592 2447 713 2512 κούδὲν
736 2448 807 2512 οἵδε
830 2448 1003 2532 σύμμαχοι.

177 2551 245 2618 XO.
285 2552 357 2636 ὁτιὴ
379 2554 417 2618 τὸ
440 2565 549 2619 νῶτον
571 2555 632 2637 τὴν
655 2553 752 2638 ῥάχιν
774 2553 802 2617 τ’
829 2555 1034 2636 ολκτείρομεν

284 2656 339 2724 καὶ
362 2662 440 2736 τοὺς
462 2659 601 2736 ὀδόντας
623 2657 774 2743 ἐκβαλεῖν
798 2659 837 2725 οὐ
860 2661 1022 2744 βούλομαι
1158 2675 1190 2726 15

284 2767 499 2848 τυπτόμενος,
523 2765 606 2849 αὕτη
630 2768 777 2849 γίγνεται
800 2768 956 2852 πονηρίας

285 2869 355 2937 ἀλλ’
382 2867 447 2936 οἷδ’
473 2869 604 2960 ἐπῳδὴν
624 2870 768 2957 Ὀρφέως
791 2872 923 2956 ἀγαθὴν
946 2873 1049 2957 πάνυ,

218 3045 221 3050 ,
285 2979 329 3054 ὡς
353 2977 538 3060 αὐτόματον
561 2978 620 3043 τὸν
643 2979 746 3043 δαλὸν
769 2979 816 3054 είς
838 2979 875 3042 τὸ
898 2981 1036 3064 κρανίον

286 3083 453 3168 στείχονθ’
480 3085 646 3168 ὑφάπτειν
668 3085 727 3149 τὸν
749 3096 886 3167 μονῶπα
908 3087 1010 3150 παῖδα
1033 3095 1101 3171 γῆς.

178 3189 243 3257 ΟΔ.
284 3190 386 3262 πάλαι
408 3191 469 3273 μὲν
492 3188 556 3275 ᾔδη
580 3189 610 3255 σ’
638 3192 718 3256 ὄντα
740 3198 893 3256 τοιοῦτον
916 3193 1029 3276 φύσει,
1155 3209 1190 3260 20

284 3295 403 3361 νῦνδ’
430 3292 494 3361 οἶδ’
520 3297 666 3380 άμεινον.
697 3307 784 3362 τοῖσι
808 3296 837 3362 δ’
864 3299 997 3375 οἰκείοις
1019 3302 1130 3382 φίλοις

284 3405 431 3489 χρῆσθαί
450 3401 484 3485 μ’
511 3402 646 3487 ἀνάγκη.
677 3401 762 3489 χειρὶ
786 3401 816 3468 δ’
843 3405 872 3468 εἰ
894 3405 998 3488 μηδὲν
1020 3404 1167 3491 σθένεις,

284 3507 355 3572 ἀλλ’
382 3504 444 3575 οὖν
467 3507 661 3594 ἐπεγκέλενὲ
682 3508 728 3593 γ’,
751 3511 796 3587 ὡς
817 3511 981 3595 εὐψυχίαν
