2668 3994
509 145 580 198 ΧΠΙ.
600 147 809 198 ΕΤΡΙΠΙΔΗΣ.

245 316 357 392 ψήφος
379 308 497 391 βεβαία
520 305 548 371 τ’
576 305 668 372 ἐστίν
691 306 728 373 έκ
749 309 870 373 τούτου
893 311 1033 394 βροτοῖς.
1136 326 1169 376 εσ

245 411 393 478 ἐνταῦθα
416 412 470 479 καὶ
494 411 531 479 σέ
554 416 605 480 δεῖ
627 417 766 501 δραμεῖν
788 417 897 500 φόνου
920 413 1004 502 πέρι.

247 521 315 585 ἴσαι
339 519 378 586 δέ
399 519 431 585 σ’
459 520 642 587 έκσάσουσι
664 523 708 605 μή
731 528 853 588 θανεῖν
876 523 951 610 δίκη

245 636 353 711 ψῆφοι
375 634 536 693 τεθεῖσαι·
569 627 690 706 Λοξίας
713 630 776 714 γάρ
799 629 910 694 αἰτίαν

245 735 293 811 είς
316 735 419 800 αὑτὸν
442 740 541 818 οίσει,
564 734 704 821 μητέρος
725 737 849 821 χρήσας
871 738 988 820 φόνον.

191 840 193 844 ’
246 838 301 906 καί
323 851 409 907 τοῖσι
432 844 561 918 λοιποῖς
583 842 638 907 όδε
661 845 762 925 νόμος
784 846 973 927 τεθήσεται,
1134 861 1168 911 30

245 958 343 1012 νικᾶν
367 949 454 1025 ίσαις
475 952 617 1032 ψήφοισι
639 950 699 1013 τὸν
723 947 880 1032 φεύγοντ’
907 949 966 1015 άεί.

246 1054 353 1119 δειναί
376 1051 437 1138 μὲν
461 1049 523 1120 οὖν
545 1052 623 1120 θεαί
646 1053 725 1143 τῷδ’
753 1056 823 1140 άχει
846 1054 1070 1141 πεπληγμέναι

245 1161 354 1245 πάγον
375 1160 452 1248 πάρ’
480 1162 583 1227 αὐτὸν
605 1162 712 1247 χάσμα
736 1163 894 1228 δύσονται
917 1165 1055 1247 χθονός,

246 1269 368 1350 σεμνὸν
390 1271 561 1355 βροτοῖσιν
584 1268 716 1352 εὐσεβὲς
738 1271 935 1355 μυστήριον·

246 1371 282 1439 σὲ
306 1372 335 1438 δ’
359 1373 528 1461 Ἀρκάδων
550 1376 612 1460 χρή
635 1377 733 1440 πόλιν
751 1373 801 1440 ἐπ’
820 1374 975 1459 Ἀλφειοῦ
995 1376 1088 1461 ῥοαῖς
1133 1391 1166 1441 35

245 1482 350 1546 οἰκεῖν
373 1483 524 1548 Λυκαίου
547 1484 688 1566 πλησίον
711 1483 914 1565 σηκώματος·

246 1586 417 1671 ἐπώνυμος
440 1585 477 1653 δέ
499 1598 561 1654 σοῦ
584 1591 679 1666 πόλις
701 1591 899 1673 κεκλήσεται.
925 1599 926 1602 ’

246 1691 299 1759 σοὶ
321 1691 383 1777 μὲν
405 1694 476 1760 τάδ’
503 1691 611 1761 εἷπον·
633 1697 730 1760 τόνδε
753 1693 783 1759 δ’
811 1695 979 1779 Αἰγίσθου
1004 1693 1105 1761 νέκυν

236 1799 380 1886 Ἀργους
402 1806 533 1868 πολῖται
556 1812 616 1886 γῆς
638 1803 847 1880 καλύψουσιν
869 1803 971 1890 τάφῳ.

244 1906 367 1994 μητέρα
390 1905 427 1973 δὲ
450 1911 510 1993 τήν
534 1912 596 1994 σήν
619 1911 693 1995 άρτι
715 1911 895 1974 Ναυπλίαν
917 1910 1032 1996 παρὼν
1132 1926 1166 1974 4ο

244 2013 431 2098 Μενέλαος,
454 2013 488 2094 ἐξ
512 2010 551 2080 οὗ
580 2017 730 2101 Τρωικήν
753 2006 819 2081 εἷλε
841 2017 963 2100 χθόνα,

241 2118 356 2204 Ἑλένη
378 2145 414 2186 τε
434 2122 552 2201 θάψει·
576 2119 739 2207 Πρωτέως
761 2123 824 2208 γάρ
847 2119 884 2186 ἐκ
907 2123 1019 2205 δόμων

245 2227 317 2310 ήκει
340 2227 470 2294 λιποῦσ’
497 2234 672 2312 Αῖγυτιτον
695 2227 767 2294 οὐδ’
794 2224 900 2311 ήλθεν
925 2230 1068 2314 Φρύγας.

247 2335 332 2410 Ζεὺς
352 2334 396 2419 δ’,
420 2336 464 2412 ὡς
486 2337 554 2421 ἔρις
576 2334 706 2419 γένοιτο
729 2332 784 2400 καί
808 2337 911 2418 φόνος
932 2338 1077 2420 βροτῶν,

245 2442 385 2506 εἴδωλον
404 2439 536 2526 Ἑλένης
558 2440 709 2525 ἐξέπεμψ’
736 2443 783 2518 είς
796 2439 910 2507 Ἴλιον.
1130 2457 1164 2506 45

246 2548 404 2632 Πυλάδης
425 2548 487 2630 μέν
510 2543 572 2614 οὖν
594 2551 697 2634 κόρην
719 2571 754 2613 τε
776 2546 831 2613 καὶ
855 2545 991 2633 δάμαρτ’
1018 2550 1102 2632 ἔχων

241 2651 403 2739 Ἀχαιίδος
425 2662 486 2737 γῆς
508 2653 613 2719 οἴκαδ’
640 2651 856 2739 είσπορευέτω

245 2758 300 2825 καί
322 2761 381 2824 τὸν
404 2763 492 2848 λόγφ
514 2761 575 2826 σὸν
596 2761 764 2847 πενθερὸν
786 2758 940 2843 κομιζέτω

248 2865 391 2932 Φωκέων
413 2865 448 2944 ἐς
470 2862 548 2932 αἶαν
570 2866 624 2932 καὶ
648 2868 732 2932 δότω
755 2868 903 2932 πλούτου
926 2866 1041 2952 βάρος·

244 2975 287 3038 σὺ
311 2971 341 3038 δ’
364 2971 512 3056 Ἰσθμίας
534 2983 595 3058 γῆς
617 2971 727 3058 αὐχέν’
755 2971 923 3058 ἐμβαίνων
944 2971 1022 3038 ποδί
1130 2987 1164 3037 50

244 3080 343 3165 χώρει
364 3081 447 3166 πρὸς
470 3076 563 3146 οἶκον
585 3082 772 3167 Κεκροπίας
795 3081 983 3163 εὐδαίμονα.

244 3184 461 3272 πεπρωμένην
484 3189 546 3273 γάρ
569 3197 690 3273 μοῖραν
712 3185 874 3271 ἐκπλήσας
897 3188 1005 3270 φόνου

244 3291 493 3378 εὐδαιμονήσεις
515 3291 612 3360 τῶνδ’
639 3291 862 3378 ἀπαλλαχθεὶς
883 3295 1005 3358 πόνων.
