2668 3994
142 142 187 206 36
509 142 554 196 XI.
573 145 781 196 ΕΤΡΙΙΙΙΔΗΣ.

146 302 214 370 XO.
235 303 391 391 ἥμαρτεν·
414 304 452 370 έν
474 304 580 370 νέοισι
603 303 633 370 δ’
660 305 849 391 ἀνθρώπων
871 305 946 370 τόδε
1123 319 1156 368 70

235 409 355 476 ἔνεστι·
377 413 579 496 συγγνώμην
601 408 638 477 δὲ
660 410 734 501 τῷδ’
760 409 848 497 ἔχειν
870 413 985 497 χρεών.

147 516 218 582 ΑΔ.
237 519 329 583 ούτοι
352 518 511 603 δικαστήν
534 517 563 584 σ’
591 520 726 603 εἰλόμην
749 517 837 602 έμῶν
859 529 970 584 κακῶν

237 621 308 690 οὐδ’
336 630 370 691 εἰ
387 649 420 690 τι
442 623 566 711 πράξας
588 628 632 710 μὴ
655 630 762 702 καλῶς
783 625 991 711 εὑρίσκομαι,
1046 623 1049 628 ’

236 732 365 797 τούτων
386 732 550 816 κολαστὴν
572 731 804 816 κάπιτιμητην,
827 729 923 816 ἄναξ,

237 836 307 903 ἀλλ’
334 840 379 916 ὡς
401 837 550 923 ὀναίμην.
582 839 611 903 εἰ
635 835 672 904 δὲ
693 840 738 922 μὴ
760 839 875 922 βούλει
898 838 990 921 τάδε,
1125 851 1158 902 75

238 945 389 1031 στέργειν
412 944 537 1030 ἀνάγκη
560 955 646 1010 τοῖσι
670 955 753 1022 σοίς·
776 947 810 1010 τί
829 946 893 1033 γάρ
915 945 1028 1024 πάθω
1137 995 1140 1000 .

238 1051 324 1136 ἀλλ’,
347 1048 372 1117 ὦ
395 1054 539 1139 γεραιαί,
563 1053 705 1136 στείχετε
728 1053 876 1135 γλαυκὴν
898 1053 1000 1136 χλόην

239 1159 342 1224 αὐτοῦ
365 1163 520 1224 λιποῦσαι
544 1159 713 1243 φυλλάδος
735 1167 935 1242 καταστεφῆ,

238 1266 342 1343 θεούς
363 1289 398 1331 τε
420 1264 475 1330 καί
498 1274 562 1349 γῆν
585 1268 645 1348 τήν
667 1287 703 1330 τε
725 1267 902 1351 πυρφόρον
924 1264 1010 1329 esee
1314 1335 1315 1342 ¹

240 1373 399 1456 Δήμητρα
421 1369 560 1453 θέμεναι
582 1369 720 1456 μάρτυρ’
748 1372 843 1454 ἡλίου
866 1395 901 1436 τε
924 1381 1009 1455 φῶς,
1126 1384 1161 1433 80
1224 1401 1225 1406 ’
1315 1422 1316 1448 ,

241 1478 285 1554 ὡς
307 1474 409 1543 οὐδέν
431 1479 510 1562 ἡμῖν
532 1479 676 1564 ἤρκεσαν
699 1475 786 1542 λιταί
808 1483 908 1542 θεῶν.

337 1618 392 1684 XI.
423 1617 547 1684 Fabula
569 1620 607 1684 de
630 1619 800 1684 simulacro
823 1618 973 1684 Helenae.

153 1723 299 1794 (Prologus
326 1723 470 1792 Euripidis
493 1722 591 1777 Helen.
611 1727 697 1776 1-67
727 1723 770 1777 ed.
797 1721 919 1789 Nauck,
948 1721 983 1777 cf.
1010 1721 1112 1776 Herod.
1137 1721 1163 1774 II

429 1799 479 1848 115
490 1812 548 1864 sqq.
568 1797 598 1848 εἰ
616 1793 767 1849 Stesichori
785 1794 818 1848 ir.
834 1797 888 1864 32.)

576 1902 741 1970 ΕΔΕΝΗ.

241 2012 369 2102 {Veii-ov
391 2006 454 2094 μέν
476 2011 548 2076 αἵδε
571 2011 831 2096 καλλιπάρθενοι
854 2010 943 2097 ῥοαί,

243 2116 278 2194 ὃς
301 2116 375 2188 ἀντὶ
399 2118 472 2193 δίας
495 2118 641 2194 ψακάδος
663 2118 837 2200 Αἰγύπτου
860 2118 963 2182 πέδου

242 2227 361 2306 λευκῆς
382 2225 533 2307 τακείσης
555 2225 664 2307 χιόνος
685 2222 837 2309 ὑγραίνει
859 2223 950 2307 γύας.

244 2331 402 2415 Πρωτεύς
424 2327 468 2413 δ’,
492 2327 538 2394 ὅτ’
565 2327 632 2413 ἔζη,
655 2331 755 2411 τῆσδε
777 2337 838 2412 γῆς
859 2330 1022 2414 τύραννος
1044 2324 1101 2412 ἧν,

246 2437 360 2522 Φάρον
381 2433 443 2519 μέν
466 2438 567 2502 οἰκῶν
590 2444 709 2519 νῆσον,
733 2434 907 2518 Αἰγύπτου
932 2434 961 2500 δ’
989 2433 1084 2520 άναξ,
1148 2450 1165 2498 σ

125 2622 129 2630 s
244 2542 280 2620 ὃς
302 2554 369 2608 τῶν
391 2540 460 2607 κατ’
488 2538 587 2625 οἰδμα
609 2540 790 2627 παρθένων
811 2544 891 2624 μίαν
914 2552 1024 2626 γαμεί,

249 2650 432 2734 Ψαμάθην,
456 2647 568 2732 ἐπειδὴ
591 2647 697 2734 λέκτρ’
724 2648 852 2733 ἀφῆκεν
875 2650 1012 2714 Αἰακοῦ.

244 2759 345 2821 τίκτει
369 2751 406 2820 δὲ
429 2753 527 2820 τέκνα
550 2757 648 2820 δισσά
670 2757 780 2821 τοῖσδε
804 2757 946 2839 δώμασι,

247 2864 477 2947 Θεοκλύμενον
500 2860 611 2947 ἄρσεν’
638 2863 757 2945 εὐγενῆ
780 2885 815 2927 τε
838 2861 1010 2948 παρθένον

244 2971 352 3053 Εἰδώ,
374 2970 412 3035 τὸ
434 2969 556 3056 μητρὸς
578 2967 744 3052 ἀγλάισμ’,
767 2966 813 3033 ὅτ’
839 2963 882 3052 ἦν
904 2965 1041 3053 βρέφος·
1132 2983 1166 3032 10

245 3074 316 3142 έπεί
339 3074 371 3140 δ’
398 3073 432 3153 ές
453 3076 540 3159 ἥβην
561 3070 667 3158 ἦλθεν
691 3075 815 3160 ὡραίαν
838 3075 966 3158 γάμων,

245 3187 406 3249 καλοῦσιν
428 3183 533 3265 αὐτὴν
558 3183 717 3265 Θεονόην·
741 3183 780 3245 τά
802 3187 881 3246 θεία
904 3182 966 3266 γάρ

245 3290 286 3354 τά
309 3288 335 3354 τ’
363 3291 443 3355 ὄντα
465 3287 520 3354 καί
542 3287 705 3371 μέλλοντα
727 3286 822 3354 πάντ’
848 3287 1022 3371 ἠπίστατο,

243 3398 412 3480 προγόνου
435 3398 583 3479 λαβοῦσα
604 3391 743 3478 Νηρέως
765 3395 859 3476 τιμάς
881 3395 977 3480 πάρα.

246 3504 325 3586 ἡμῖν
349 3498 385 3566 δέ
408 3511 449 3585 γη
473 3497 534 3582 μέν
556 3497 674 3585 πατρὶς
696 3500 759 3565 οὐκ
781 3499 955 3582 ἀνώνυμος
1133 3515 1166 3564 15
