2668 3994
520 175 578 226 xx
598 173 776 225 Ηνωαειυ.
1110 169 1152 236 57

232 333 368 421 κηροῦσ’
396 333 534 402 ἑκάστου
557 338 673 418 μηνός,
694 334 826 419 ὀρφανὴ
850 343 968 417 κεῖται,
1121 349 1154 398 ισ

232 441 275 525 ἣν
296 440 410 526 μήκοτ’
437 442 541 524 αὐτὴν
563 432 637 505 οἷον
657 439 770 525 Ἀίδην
792 440 916 525 βλέψας

235 550 345 634 γράφη
367 548 430 630 μὲν
452 547 553 612 οὐδὲν
575 549 692 630 καλόν,
715 545 751 612 ἐκ
774 546 804 611 δ’
831 546 912 630 ὅλην
935 546 1025 638 ξάση.

234 657 268 720 αλ
291 655 484 741 δορκαλίδες
507 647 544 719 δὲ
566 654 785 739 λιπαρώτεραι
807 654 932 719 πολλὸν

142 789 166 824 ·...
233 771 291 844 τῆς
313 762 464 845 ληκύθου
486 758 611 845 ἡμέων,
634 769 672 846 τῇ
696 758 749 825 ἐπὶ
767 758 871 828 ,παντλ
893 757 1084 846 χράμεσθα,

234 866 271 933 ἐν
293 877 368 953 τῇσι
391 868 501 956 φύσης
523 877 593 944 τοῖς
614 890 649 931 τε
673 868 819 943 δικτύοις
842 876 976 932 κεῖνται.
1121 882 1156 930 20

234 972 402 1039 ἐπίσταται
427 971 456 1039 δ’
484 972 555 1038 οὐδ’
582 974 671 1056 άλφα
695 974 865 1057 συλλαβὴν
887 985 1028 1056 γνῶναι,

234 1079 276 1162 ἣν
298 1084 343 1165 μή
366 1104 415 1157 τις
438 1080 527 1168 αὐτῷ
545 1080 648 1144 ταύτά
669 1081 824 1156 πεντάκις
846 1081 946 1165 βάση.

235 1186 417 1273 τριθημέρη
441 1185 616 1272 ’Μάρωνα
640 1188 918 1271 γραμματίζοντος

165 1347 170 1356 .
235 1302 294 1358 τοῦ
317 1293 551 1381 πατρὸςλαύτῷ
569 1294 634 1357 ’τὸν
657 1292 832 1378 “Μάρωνα’
855 1291 1009 1378 ἐποίησεν

236 1393 332 1476 οὗτος
355 1399 518 1481 “Σίμωνα’
542 1399 559 1465 6
583 1401 734 1485 χρηστός·
758 1397 835 1464 ὥστ’
861 1399 958 1483 ἔγωγ’
985 1395 1060 1466 εἶπα
1123 1413 1157 1462 25

236 1507 341 1571 άνουν
364 1504 523 1590 ἐμαυτήν,
547 1506 618 1588 λίτις
641 1505 702 1570 οὐκ
725 1507 825 1583 ὄνους
846 1509 981 1590 βόσκειν

236 1612 339 1677 αὐτὸν
361 1612 522 1696 διδάσκω,
545 1612 744 1697 γραμμάτων
767 1612 804 1677 δὲ
826 1614 993 1696 παιδείην,
1120 1599 1122 1610 ’

237 1717 367 1784 δοκεῦσ’
395 1718 526 1805 ἀρωγὸν
548 1727 606 1801 τῆς
629 1718 750 1805 άωρίης
772 1716 866 1796 ἕξειν.

237 1822 337 1890 ἐπεάν
360 1825 397 1890 δὲ
420 1826 460 1908 δὴ
484 1822 539 1889 καλ
563 1825 676 1910 ῥῆσιν,
699 1816 753 1889 οἷα
775 1826 968 1908 παιδίσκον,

237 1929 342 2014 ἢ’γώ
365 1938 424 2014 μιν
445 1931 552 1996 εἰπεῖν
573 1930 593 2014 ἣ
618 1931 636 1996 6
659 1931 764 2016 πατὴρ
788 1930 983 2014 άνώγωμεν,
1124 1946 1159 1995 3ο

145 2067 148 2076 ·
238 2037 345 2125 γέρων
368 2037 452 2123 ἀνὴρ
475 2038 559 2103 ὠσίν
580 2061 616 2102 τε
638 2038 810 2119 κάμμασιν
832 2038 982 2121 κάμνων,

194 2181 197 2187 -
239 2141 374 2209 ἐνταῦθ’
401 2144 485 2221 ὅκως
507 2169 565 2227 μιν
587 2142 624 2210 ἐκ
646 2142 843 2230 τετμημένης
866 2145 955 2228 η’θεί·

239 2249 523 2316 ΜΑ-πολ--λον
546 2250 718 2337 άγ-ρεῦ’
742 2249 866 2338 (τοῦτο,
886 2255 980 2335 φημί,
994 2251 1034 2335 χὴ
1047 2250 1159 2334 μάμμη

238 2361 345 2434 καλῶς
368 2355 436 2442 ἐρεί
458 2374 527 2441 σοι,
550 2354 644 2440 κήστλ
668 2356 867 2442 γραμμάτων
889 2361 987 2442 χήρη,

238 2463 285 2528 κὼ
306 2464 503 2549 προστυχὼν
528 2459 644 2549 Φρύξ).
667 2462 710 2546 ἣν
732 2463 769 2528 δὲ
792 2464 834 2546 δή
856 2487 888 2528 τι
911 2462 966 2528 καλ
987 2462 1085 2546 μέζον
1126 2479 1159 2527 35

146 2625 150 2633 .
174 2606 177 2612 ·
240 2568 357 2654 γράξαι
379 2568 546 2653 θέλωμεν,
568 2568 589 2652 ἢ
612 2579 757 2655 τριταῖος
780 2570 841 2634 οὐκ
863 2565 955 2636 οἶδεν

239 2685 297 2759 τῆς
320 2677 424 2760 οἰκίης
446 2677 505 2740 τὸν
527 2676 645 2759 οὐδόν,
669 2675 751 2740 άλλά
774 2676 835 2759 τὴν
856 2677 1004 2761 μάμμην,

217 2782 346 2868 ,γρηΰν
369 2792 511 2865 γυναῖκα
533 2782 714 2867 κώρφανὴν
736 2784 829 2865 βίου,
852 2785 968 2869 κείρει,

240 2888 260 2972 ἢ
284 2897 343 2954 τοῦ
367 2887 481 2971 τέγεος
502 2887 630 2974 ὕπερθε
652 2889 692 2952 τά
716 2888 831 2953 σκέλεα
854 2892 962 2966 τείνας

240 2993 365 3078 κάθηθ’
392 2995 476 3071 ὅκως
497 3019 547 3071 τις
569 2997 704 3078 καλλίης
726 2995 812 3059 κάτω
836 2996 978 3062 κύπτων.
1125 3009 1160 3058 40

241 3102 275 3164 τί
294 3125 356 3183 μευ
380 3102 489 3178 δοκεῖς
511 3102 550 3164 τά
573 3101 743 3185 σπλάγχνα
766 3110 824 3184 τῆς
845 3102 946 3186 κάκης
968 3101 1120 3186 πάσχειν,

241 3205 340 3272 ἐπεάν
364 3207 476 3290 ίδωμι;
497 3207 558 3273 κού
581 3209 678 3284 τόσος
700 3209 797 3289 λόγος
819 3209 930 3273 τοῦδε·

242 3311 313 3378 ἀλλ’
339 3313 357 3379 6
381 3312 521 3400 κέραμος
542 3323 607 3390 πᾶς
629 3314 737 3399 ὥσπερ
762 3315 849 3401 ἴτρια
871 3320 1010 3399 θληται,

241 3419 349 3504 κήπην
372 3420 390 3486 6
413 3419 535 3505 χειμὼν
558 3418 657 3503 ἐγγὺς
678 3412 714 3504 ᾗ,
737 3419 800 3505 τρί’
826 3423 953 3505 ἤμαιθα

241 3524 389 3591 κλαίουσ’
416 3525 555 3592 ἑκάστου
578 3535 638 3591 τοῦ
661 3528 891 3610 πλατύσματος
912 3530 1005 3592 τίνω·
1127 3542 1160 3592 45
