2668 3994
189 155 233 220 56
565 159 622 209 xx.
642 159 822 210 masma.

186 319 281 403 ηνίδε
303 341 355 383 τοι
378 319 415 383 τὸ
439 317 551 395 δέτιας·
573 326 678 384 θᾶσαι
701 323 812 404 φίλος,
836 320 880 397 ὡς
902 321 1005 384 καλὸν
1027 322 1132 386 δσδει·

183 423 285 511 Ὡρᾶν
306 427 497 490 πεπλάσθαι
520 450 576 490 νιν
598 424 652 490 ἐπὶ
674 426 828 512 κράναισι
852 428 1011 510 δοκησεῖς,

186 527 244 597 ὧδ’
263 533 326 616 im,
341 534 524 597 Κισσαίθα·
538 534 579 596 τὺ
594 530 624 595 δ’
642 531 762 615 άμελγέ
775 557 838 597 νιν.
853 533 886 597 αλ
902 533 940 598 δὲ
952 535 1111 619 χίμαιραι,
1144 550 1196 600 140

188 639 227 704 οὐ
245 640 289 722 μὴ
313 648 530 724 σκιρτασεῑτε,
553 639 596 721 μὴ
621 639 639 705 ὁ
662 639 782 724 τράγος
804 633 885 720 ὗμιν
908 638 1041 725 άναστη.

533 835 848 918 HERONDAS

186 953 231 1010 val
248 954 382 1021 Herodas,
402 953 482 1020 Cous,
502 953 628 1022 aequalis
647 953 796 1019 Theocriti,
815 954 910 1010 floruit
928 957 1021 1009 aetate
1039 954 1195 1010 Ptolomaei

185 1025 365 1095 Philadelphi
389 1029 424 1097 (a.
445 1024 505 1080 chr.
525 1045 552 1078 n.
568 1027 727 1093 ass-246).
756 1025 869 1094 scripsit
891 1025 1068 1080 mimiambos
1087 1029 1195 1096 (m-

185 1125 203 1149 υ
212 1142 229 1150 -
238 1124 256 1149 ο
265 1142 282 1150 -
292 1124 310 1149 ο
319 1143 335 1150 -
346 1142 363 1150 -
372 1099 408 1166 μ),
428 1096 529 1164 quibus
548 1096 607 1150 vita
625 1095 770 1150 cotidiana
782 1113 928 1165 moresque
942 1097 1041 1167 populi
1054 1096 1126 1152 bena
1145 1097 1194 1151 ad-

185 1168 357 1222 umbraniur.
389 1169 441 1222 has
468 1166 587 1222 fabellas
616 1182 650 1221 ex
677 1183 784 1236 papyro
807 1168 949 1238 Aegyptia
970 1168 1077 1238 primus
1105 1167 1195 1224 edidit

513 1239 542 1292 F.
559 1237 590 1292 G.
605 1238 723 1306 Kenyon
741 1254 766 1293 a.
787 1244 864 1294 1891,

480 1329 549 1394 XX.
582 1331 781 1394 Διδάεκαλοε
805 1328 891 1417 (ΠΙ).

257 1433 390 1503 Οοτλολωτ,
401 1433 587 1502 nequissimus
596 1449 674 1502 puer,
682 1433 843 1488 Metrotima
853 1437 942 1488 matra
952 1436 1049 1488 orante
1056 1437 1141 1503 atque
1150 1433 1192 1487 in-

185 1508 278 1560 stante
292 1520 310 1557 a
323 1505 485 1574 Lamprisco
498 1504 560 1559 ludi
578 1505 713 1574 magistro
731 1505 855 1574 vapulat.
892 1505 948 1558 Res
966 1504 1061 1575 agitur
1078 1505 1109 1560 in
1128 1521 1193 1560 con-

185 1575 257 1631 clavi
279 1576 402 1646 imagine
427 1577 571 1631 Musarum
598 1578 696 1630 ornaio
723 1578 759 1645 (v.
776 1582 804 1642 1,
819 1581 867 1643 66,
882 1581 928 1641 66,
945 1581 991 1644 Π,
1006 1577 1058 1645 96).
1103 1574 1191 1630 Collo-

185 1650 308 1717 quunhur
321 1647 491 1714 Meiroh'ma,
506 1647 692 1715 Lampriscus
708 1645 842 1702 Cottalus.
870 1665 895 1701 v.
911 1652 944 1701 10
965 1646 1116 1710 Νάννακος
1134 1645 1192 1716 ἐγί-

184 1739 246 1776 νετο
267 1722 383 1790 Φρυγῶν
402 1719 543 1790 βασιλεύς,
567 1717 598 1782 ὃς
615 1718 753 1786 προειδὼς
774 1719 825 1773 τὸν
848 1716 981 1788 μέλλοντα
1000 1717 1192 1788 κατακλυσμὸν

184 1789 253 1860 μετὰ
267 1790 397 1859 δακρύων
412 1788 540 1845 ἱκέτευεν.
569 1808 592 1842 v.
609 1795 643 1843 25
658 1786 767 1858 Σίμωνι
781 1788 823 1844 iia
837 1789 927 1844 iactus
941 1788 1057 1857 quidam
1070 1787 1192 1842 talorum

184 1864 249 1931 (τῶν
271 1860 427 1929 δορκάδων,
446 1858 632 1930 δορκαλίδων)
650 1863 772 1914 vocatur.
801 1879 825 1912 v.
842 1865 875 1913 53
895 1859 996 1929 δτημος
1011 1886 1044 1905 =
1059 1857 1190 1930 διτηνίκα.

183 1951 207 1987 v.
219 1939 251 1987 61
267 1933 410 2004 ἄστραβδα
425 1933 544 1987 assidue.
573 1949 597 1984 v.
609 1937 642 1985 79
658 1930 673 1986 ὁ
687 1939 739 2001 μύς
757 1934 785 2001 (a
798 1931 882 1986 verbo
897 1931 966 2001 μύω)
986 1930 1108 1986 claustra
1127 1930 1190 1986 oris.

549 2020 822 2087 ΜΗΤΡΟΤΙΜΗ.

274 2130 368 2195 Ούτω
392 2133 426 2194 τί
447 2148 500 2196 σοι
524 2132 663 2214 δοίησαν
685 2130 719 2193 αλ
743 2131 837 2213 φίλαι
860 2133 1012 2212 Μοῦσαι,

272 2239 479 2323 Λαμπρίσκε,
502 2236 645 2321 τερπνὸν
666 2244 724 2318 της
746 2238 820 2317 ζοης
843 2233 870 2298 τ’
897 2232 1102 2320 ἐπαυρέσθαι
1126 2272 1167 2281 -

271 2352 393 2408 τοῦτον
415 2341 484 2408 κατ’
510 2343 601 2423 ὤμου
625 2343 753 2426 δείρον,
777 2343 870 2426 άχρις
892 2341 913 2424 ἡ
935 2341 1023 2426 ψυχὴ

271 2451 374 2515 αὐτοῦ
398 2446 452 2513 ἐπὶ
475 2447 611 2533 χειλέων
633 2457 761 2530 μοῦνον
784 2447 804 2531 ἡ
828 2448 909 2531 κακὴ
933 2451 1066 2532 λειφθῇ.

270 2559 306 2621 ἔκ
328 2580 390 2639 μευ
413 2557 567 2638 ταλαίνης
589 2555 650 2638 την
673 2553 793 2638 στέγην
815 2555 1026 2638 πεπόρθηκεν
1173 2568 1189 2618 6

269 2664 428 2747 χαλκίνδα
449 2664 585 2741 παίζων·
609 2658 749 2746 καὶγὰρ
773 2658 845 2724 οὐδ’
872 2659 1076 2745 άπαρκεῦσιν

269 2770 303 2833 αλ
327 2769 500 2853 δορκάδες,
523 2769 730 2853 Λαμπρίσκε,
754 2774 927 2853 συμφορῆς
950 2763 980 2830 δ’
1006 2767 1069 2850 ἤδη

269 2875 355 2962 ὁρμᾷ
376 2872 430 2940 hai
452 2873 557 2956 μέζον.
593 2883 654 2939 κοῦ
677 2873 739 2955 μίν
761 2874 781 2957 ἡ
803 2873 894 2958 θύρη
917 2881 1022 2938 κεῖται

268 2987 328 3046 τοῦ
351 2978 599 3067 γραμματιστέω
622 2977 677 3045 καί
700 2981 834 3066 τριηκάς
857 2980 876 3064 ἡ
899 2979 999 3064 πικρὴ

268 3088 327 3152 τὸν
348 3088 474 3170 μισθὸν
497 3089 594 3171 αίτεῖ,
616 3085 680 3170 κῆν
701 3087 741 3152 τά
764 3086 945 3151 Ναννάκου
968 3084 1115 3166 κλαύσω,
1155 3099 1189 3148 10

269 3194 330 3259 οὐκ
352 3192 395 3258 δν
417 3193 539 3278 ταχέως
561 3191 675 3271 λέξιιε·
698 3195 760 3276 τήν
782 3216 820 3274 γε
842 3193 908 3276 μην
930 3192 1108 3276 παίστρην,

268 3300 408 3385 δκουιτερ
432 3301 613 3378 οἰκίζουσιν
635 3299 725 3364 οἵτε
747 3299 922 3384 προδνικοι

266 3408 319 3473 κοί
342 3404 514 3493 δρηπέται,
538 3403 617 3490 σάφ’
644 3400 714 3470 οίδε
737 3404 861 3493 κητέρῳ
884 3402 996 3482 δείξαι.

267 3513 307 3598 κη
330 3513 391 3596 μὲν
413 3513 551 3577 τάλαινα
574 3509 701 3595 δέλτος,
724 3510 767 3594 ἣν
789 3508 852 3594 ἐγὼ
876 3510 988 3593 κάμνω
