2668 3994
504 156 575 209 XIX.
595 158 809 211 ΘΕΟΚΡΙΤΟΣ.
1115 157 1158 222 55

193 321 307 405 άρχετε
330 323 542 403 βοοκολικᾶς,
564 323 708 402 Μοῖσαι,
730 320 831 392 πάλιν
854 316 960 405 άρχετ’
987 319 1109 396 άοιδᾶς.
1160 369 1162 374 .

148 422 176 491 ὦ
195 427 271 491 Πάν
290 427 382 509 Πάν,
406 425 462 491 εἴτ’
485 423 557 490 ἐσσὶ
576 421 645 490 κατ’
667 427 753 512 ὥρεα
770 428 878 511 μακρά
897 429 1047 510 Λακαίο,
1107 442 1158 492 110

148 538 214 597 εἴτε
236 531 308 616 τάχ’
335 532 531 616 άμφιπολεῖς
552 531 636 616 μέγα
656 534 850 616 Μαίναλον,
878 531 950 598 ἕνθ’
977 531 1031 598 ἐπὶ
1054 543 1158 598 νᾶσον

148 639 209 703 τάν
233 638 393 722 Σικελάν,
412 636 541 716 Ἑλίκας
564 639 601 704 δὲ
623 638 691 704 λίπ’
718 640 814 725 ἠρίον
837 641 917 704 αἰπύ
939 662 974 704 τε
998 649 1085 721 σᾶμα

149 754 229 828 τῆνο
253 747 479 829 Λυκαονίδαο,
502 747 539 810 τὸ
562 744 617 810 καὶ
640 745 843 831 μακάρεσσιν
865 745 996 828 άγατύν.

194 855 307 935 λήγετε
330 856 542 936 βοοκολικᾶς,
564 856 708 936 Μοῖσαι,
732 853 794 936 ἴτε,
818 851 924 936 λήγετ’
951 852 1073 930 ἀοιδᾶς.

149 957 237 1042 ἔνθ’,
260 954 363 1042 ὦναξ,
387 956 441 1022 καὶ
463 958 562 1023 τάνδε
586 956 688 1045 φέρευ
710 968 847 1024 πακτοῖο
869 961 1052 1041 μελίπνουν
1083 981 1084 984 ’
1106 975 1156 1025 115

148 1063 187 1130 ἐκ
207 1077 295 1151 κηρῶ
320 1065 462 1151 σύριγγα
484 1065 603 1148 καλάν,
626 1064 701 1150 περὶ
723 1069 831 1150 χεῖλος
852 1064 995 1131 ε’λικτάν·

147 1167 168 1255 ἦ
191 1173 254 1258 γὰρ
278 1170 364 1254 ἐγὼν
386 1170 442 1236 ὑπ’
469 1173 590 1256 ἔρωτος
612 1169 645 1248 ἐς
658 1169 772 1248 Ἀῖδος
794 1171 927 1254 ἕλκομαι
951 1174 1028 1256 ἤδη,

148 1279 282 1363 Δάφνις
304 1277 390 1361 ἐγὼν
413 1278 469 1343 ὅδε
492 1287 590 1362 τῖχνος
613 1277 630 1343 ὁ
654 1279 711 1354 τάς
733 1281 813 1362 βόας
837 1273 900 1344 ὧδε
923 1279 1089 1362 νομεύων,

148 1385 282 1468 Δάφνις
304 1385 322 1451 ὁ
346 1386 408 1461 τὼς
430 1384 559 1469 ταύροις
580 1381 635 1449 καὶ
657 1386 793 1470 πόρτιας
815 1379 879 1450 ὧδε
901 1387 1076 1450 ποτίσδων.

193 1495 306 1575 λήγετε
325 1495 536 1575 βουκολικᾶς,
554 1495 698 1573 Μοῖσαι,
723 1497 784 1574 ῖτε,
809 1491 915 1575 λήγετ’
942 1492 1063 1569 ἀοιδᾶς.
1106 1509 1157 1559 120

148 1607 213 1663 νῦν
231 1597 261 1663 δ’
284 1599 318 1662 ἴα
335 1598 398 1682 μὲν
415 1596 567 1683 φορέοιτε
585 1598 690 1681 βάτοι,
709 1596 860 1681 φορέοιτε
879 1597 909 1662 δ’
931 1600 1086 1682 άκανθαι,

148 1703 170 1768 ά
192 1705 229 1769 δὲ
252 1706 335 1769 καλὰ
357 1705 535 1790 νάρκισσος
556 1702 606 1768 ἐπ’
633 1704 828 1790 ἀρκεύθοισι
851 1706 1003 1787 κομάσαι·

147 1811 255 1875 πάντα
273 1809 303 1875 δ’
326 1813 446 1875 ἔναλλα
465 1809 626 1894 γένοιντο,
644 1810 698 1875 καὶ
718 1811 738 1874 ά
756 1813 852 1887 πίτυς
870 1813 968 1896 ὄχνας
986 1810 1119 1896 ἐνείκαι,

148 1917 282 2001 Δάφνις
303 1915 374 1983 ἐπεὶ
396 1918 552 2000 θνάσκει,
575 1918 628 1982 καλ
651 1919 715 1994 τὼς
737 1919 839 1994 κύνας
862 1919 993 2003 ὥλαφος
1016 1917 1116 2004 ἕλκοι,

148 2023 205 2107 κήξ
229 2022 334 2109 ὀρέων
356 2023 407 2089 τοὶ
431 2036 557 2102 σκῶπες
580 2024 697 2108 άηδύσι
721 2024 938 2110 δηρίσαιννο.’
1105 2042 1155 2090 125

193 2133 306 2213 λήγετε
328 2135 539 2215 βουκολικᾶς,
563 2135 706 2214 Μοῖσαι,
731 2132 792 2214 ἴτε,
816 2130 922 2214 λήγεύ
950 2131 1071 2209 ἀοιδάς.

148 2237 193 2321 χὼ
216 2238 277 2319 μὲν
299 2236 389 2302 τύσσ’
416 2238 517 2302 εἰπὼν
540 2237 760 2309 ἀνεπαύσατο·
783 2238 842 2302 τὸν
865 2237 895 2302 δ’
918 2236 1097 2324 Ἀφροδίτα

147 2341 241 2427 ἤθελ’
269 2343 474 2429 άνορθῶσαι·
495 2345 536 2408 τά
558 2368 596 2427 γε
617 2346 683 2426 μάν
706 2346 782 2408 λίνα
804 2345 911 2409 πάντα
934 2348 1067 2429 λελοίπη

148 2447 184 2514 ἐκ
207 2454 358 2535 Μοιρᾶν,
380 2451 426 2535 χὼ
449 2450 582 2535 Δάφνις
605 2453 664 2534 ἔβα
687 2451 775 2535 ῥόον.
799 2445 915 2516 ἔκλυσε
938 2453 1015 2516 δίνα

147 2558 206 2621 τὸν
215 2559 361 2633 Μοίσαις
371 2559 471 2641 φίλον
481 2559 597 2643 ἄνδρα,
607 2557 923 2641 τὸνούΝύμφαισιν
933 2558 1069 2642 ἀπεχθῆ.
1105 2576 1156 2624 130

192 2667 306 2747 λήγετε
329 2667 540 2747 βουκολικᾶς,
563 2668 706 2747 Μοῖσαι,
730 2669 793 2747 ῖτε,
816 2663 922 2747 λήγετ’
949 2663 1071 2743 ἀοιδᾶς.

148 2875 214 2940 Καὶ
232 2879 272 2940 τὺ
292 2877 389 2941 δίδον
407 2877 469 2941 τάν
487 2871 564 2960 αἶγα
582 2878 618 2941 τό
637 2900 671 2942 τε
691 2878 827 2960 σκύφος,
847 2877 890 2954 ὥς
907 2902 965 2942 κεν
983 2876 1121 2960 άμέλξας

147 2984 269 3047 σπείσω
292 2991 364 3059 ταῖς
385 2985 539 3060 Μοίσαις.
563 2979 589 3048 ὦ
611 2986 739 3069 χαίρετε
761 2984 914 3068 πολλάκι,
936 2989 1079 3068 Μοῖσαι,

146 3079 292 3174 χαίρετ’,
305 3087 368 3173 ἐγὼ
392 3088 422 3153 δ’
448 3083 528 3172 ὗμιν
551 3089 605 3154 καὶ
628 3088 662 3167 ἐς
684 3090 824 3176 ὕστερον
847 3092 944 3156 άδιον
967 3089 1043 3178 ᾀσῶ.

547 3194 754 3262 ΑΙΠΟΔΟΣ.

148 3300 279 3388 Πλῆρές
292 3326 344 3367 τοι
357 3301 486 3385 μέλιτος
500 3304 536 3366 τὸ
551 3304 652 3368 καλὸν
666 3305 779 3386 στόμα,
796 3305 913 3387 Θύρσι,
927 3301 1067 3387 γίνοιτο,
1103 3321 1153 3370 135

145 3406 267 3493 πλῆρές
280 3432 331 3473 τοι
346 3411 532 3494 σχαδύνων,
543 3407 598 3474 καὶ
612 3409 666 3474 ἀπ’
684 3411 811 3493 Δίγίλω
828 3411 945 3495 ἰσχάδα
958 3412 1097 3496 τρώγοις

145 3515 276 3599 ἁδεῖαν,
299 3512 444 3598 τέττιγος
466 3505 542 3580 ἐπεὶΙ
559 3516 642 3599 τύγα
665 3515 826 3602 φέρτερον
849 3515 945 3604 ᾄδεις.
