2668 3994
510 149 583 199 XXI.
601 148 764 198 ΒΑΒΡΙΟΣ.

218 310 346 394 σπουδή
369 310 537 392 διωχθείς·
560 310 622 392 τήν
645 308 682 373 δὲ
705 308 791 391 φύζα
814 308 981 389 δειλαίην,
1030 345 1032 350 -

218 417 327 501 θύρης
349 418 490 492 κατιθδς
511 410 593 498 ήγεν
615 417 663 492 είς
684 413 789 497 μέσας
807 412 896 489 ύλας.
1021 417 1033 430 ”

219 523 324 608 κερδὼ
347 522 385 586 δέ
406 532 517 606 χεῖρας
539 520 754 607 ἐπεκρότησεν
777 519 945 603 ἀλλήλαις,
1048 529 1050 534 ’

221 627 290 694 ἐπεὶ
312 631 414 704 πόνος
435 629 571 709 μάταιος
593 626 796 711 ἐξανηλώθη.

222 735 372 812 κάκεῖνος
394 733 544 812 ἐστέναξε
567 736 604 799 τὸ
628 737 731 816 στόμα
753 733 887 819 βρύχων

222 840 320 928 (ὁμοῦ
343 843 406 927 γὰρ
431 842 533 906 αὐτὸν
555 842 649 922 λιμὸς
671 836 737 925 εἶχε
760 838 815 904 καὶ
838 837 955 925 λύπη),

214 949 322 1013 ,πάλιν
345 949 382 1013 δέ
404 949 509 1033 κερδὼ
533 946 726 1012 καθικέτευε
750 949 905 1031 φωνήσας

223 1057 324 1120 ἄλλον
347 1053 409 1119 τιν’
436 1054 549 1139 εὑρεῖν
571 1054 729 1139 δεύτερον
751 1055 851 1118 δόλον
874 1055 988 1138 θήρης.

144 1173 147 1180 “
223 1160 296 1244 ἥδ’
324 1156 393 1226 εἷπε
416 1164 578 1244 κινήσασα
600 1162 771 1244 βυσσόθεν
794 1161 941 1244 γνώμην·
1005 1165 1007 1172 ⁴

225 1267 379 1352 ‘zai-caba}
400 1267 557 1350 κελεύεις,
581 1265 651 1332 ἀλλ’
679 1267 765 1348 ὅμως
787 1264 1008 1352 ὑπουργήσω.’

224 1372 278 1439 καλ
302 1375 343 1457 δή
366 1372 436 1438 κατ’
463 1375 554 1458 ἴχνος
577 1375 620 1450 ὡς
643 1374 731 1458 σοφή
755 1373 846 1438 κύων
867 1371 934 1457 ᾔει,

228 1479 395 1546 πλέκουσα
417 1478 533 1564 τέχνας
554 1477 609 1544 καλ
631 1482 836 1566 πανουργίας
858 1480 977 1562 παίσας,

227 1585 277 1652 ἀεὶ
301 1586 331 1652 δ’
359 1586 498 1652 ἕκαστον
520 1584 688 1669 ποιμένων
710 1584 873 1672 ἐπηρώτα,

226 1697 270 1778 μή
292 1694 359 1759 πού
381 1717 431 1770 τις
453 1695 574 1777 ἔλαφος
596 1690 791 1779 ᾑματωμένη
814 1693 941 1777 φεύγει.

227 1801 288 1884 τήν
311 1798 340 1865 δ’
368 1800 411 1876 ὥς
433 1822 483 1876 τις
505 1795 587 1883 εἶδε,
611 1801 776 1864 δεικνύων
798 1799 840 1864 δν
863 1799 998 1882 ὡδήγει,

228 1905 289 1982 ἕως
310 1905 389 1971 ποθ’
417 1900 514 1991 εὗρεν
537 1904 575 1970 ἐν
598 1909 761 1994 κατασκίφ
784 1908 878 1995 χώρῳ
929 1931 936 1946 “

231 2014 363 2098 δρόμων
386 2012 632 2097 ἄναήιύχουσαν.
677 2013 698 2095 ἢ
722 2011 751 2078 δ’
778 2012 957 2096 ἀναιδείης

231 2118 341 2205 ὀφρὺν
364 2121 485 2202 ἔχουσα
507 2117 562 2183 καὶ
584 2118 736 2200 μέτωπον
759 2120 908 2202 εἱστήκει.

231 2223 357 2309 ἐλάφου
381 2226 418 2290 δέ
440 2223 519 2309 φρὶξ
543 2223 657 2309 ἐπέσχε
680 2237 768 2290 νῶτα
791 2224 845 2290 καλ
868 2228 1006 2308 κνήμας,

230 2332 309 2415 χολή
334 2330 363 2397 δ’
391 2330 493 2411 ἐπέξει
516 2333 670 2416 καρδίην,
695 2334 758 2415 ἔφη
782 2330 812 2396 δ’
839 2331 956 2407 οὕτως·

233 2436 316 2502 “οἰλλ’
343 2433 370 2502 ὦ
393 2439 557 2522 στύγημα,
580 2447 646 2502 νῦν
667 2439 729 2520 μὲν
752 2436 826 2521 οὐχὶ
850 2441 1030 2522 χαιρήσεις,

233 2546 276 2627 ήν
298 2568 354 2625 μοι
376 2543 566 2630 προσέλθῃς
588 2542 643 2608 καὶ
666 2545 787 2629 γρύσαι
810 2567 842 2608 τι
865 2547 1035 2634 τολμήσῃς.

234 2651 354 2727 ἄλλους
377 2649 553 2730 ἀλωπέκιζε
575 2653 654 2727 τοὺς
676 2650 885 2735 ἀπειρήτους,

235 2758 355 2834 ἄλλους
378 2757 415 2823 δὲ
437 2761 584 2841 βασιλεῖς
606 2757 744 2842 αλρέτιζε
767 2756 822 2822 καὶ
845 2756 952 2822 ποίει.’

234 2872 292 2946 τῆς
315 2861 345 2928 δ’
372 2864 433 2928 οὐκ
456 2861 602 2949 ἐτρέφθη
624 2865 747 2947 θυμός,
771 2862 843 2930 ἀλλ’
869 2863 1075 2947 ὑποβλήδην·
1122 2877 1155 2926 65

237 2968 353 3046 ‘nistros
376 2969 538 3053 ἀγεννής,
562 2971 659 3054 φησί,
683 2968 750 3034 “καὶ
774 2973 882 3055 φόβου
905 2973 1030 3054 πλήρης

236 3073 398 3160 πέφυκας;
423 3075 509 3140 ούτω
533 3079 611 3153 τοὺς
633 3079 755 3160 φίλους
776 3076 984 3154 ὑποπτεύεις;

240 3181 258 3247 δ
280 3182 343 3264 μὲν
365 3180 450 3247 λέων
473 3199 525 3248 σοι
549 3182 763 3268 συμφέροντα
785 3184 978 3267 βουλεύσων

191 3325 193 3331 ,
236 3286 366 3369 μέλλων
389 3287 417 3352 τ’
443 3287 585 3375 ἐγείρειν
607 3299 664 3371 τῆς
686 3289 830 3373 πάροιθε
852 3291 996 3373 νωθείης
1022 3307 1024 3322 ²

238 3395 383 3470 έήαυσεν
406 3395 501 3479 ὠτός,
525 3397 569 3472 ὡς
590 3397 696 3481 πατήρ
720 3392 958 3482 ἀποθνήσκων·
1063 3415 1066 3425 ·
1128 3411 1160 3459 το

239 3500 352 3582 ἔμελλε
374 3501 437 3586 γάρ
461 3519 513 3566 σοι
537 3512 647 3567 πᾶσαν
669 3501 808 3586 ἐντολήν
831 3504 964 3585 δώσειν,

1184 3579 1271 3638 Ν
