2668 3994
155 118 198 182 46
520 119 580 176 XV.
599 123 807 173 ΕΤΡΙΠΙΔΗΣ,

155 276 256 348 Apollo
282 278 450 362 Delplffineus⁸
463 279 618 362 Ereqhtheo
646 279 815 362 yuticinatus
843 282 886 333 est
910 279 1036 362 Athenas
1064 277 1169 360 servat}

154 349 499 475 ἓὲἓέδῖἒῖιῖῖὲέέὲὲθ
516 350 660 491 {W
673 349 1169 492 θλξῖῗι.ἷὶῗῗ’ἓ’3ἓ-Εἷῖῖῗῗ’”

250 514 314 589 Τάς
336 513 470 598 χάριτας
492 513 581 590 ὅστις
604 513 747 597 εὐγενῶς
768 516 945 599 χαρίζεται,

243 619 341 702 ηδιον
364 618 401 685 ἐν
424 622 608 705 βροτοῖσιν·
632 623 666 685 οῖ’
687 617 724 684 δὲ
748 622 851 705 δρῶσι
874 619 949 704 μέν,

244 727 352 814 χρόνῳ
376 721 413 790 δὲ
436 727 555 814 δρῶσι,
579 725 838 812 δυσγενέστερον
866 725 959 810 λέγω.

243 830 307 915 ἐγὼ
332 833 367 897 δὲ
391 833 486 897 δώσω
510 833 612 896 παῖδα
635 834 695 916 την
718 831 800 917 ἐμὴν
823 843 964 898 κτανεῖν.

246 940 413 1021 λογίζομαι
437 939 474 1004 δὲ
496 939 614 1004 πολλά·
636 951 750 1025 πρῶτα
772 940 833 1023 μὲν
855 941 954 1004 πόλιν
1150 955 1166 1002 5

242 1045 304 1110 οὐκ
327 1047 368 1109 άν
391 1043 455 1109 τιν’
482 1046 586 1127 άλλην
608 1046 708 1128 τῆσδε
730 1048 847 1129 βελτίω
872 1048 1000 1129 λαβεῖν·

241 1145 262 1238 ᾗ
284 1163 397 1236 πρῶτα
419 1146 481 1234 μέν
504 1152 584 1227 λεὼς
607 1152 669 1216 οὐκ
691 1149 829 1228 ἐπακτὸς
851 1153 1011 1234 άλλοθεν,

242 1258 444 1342 αὐτόχθονες
468 1256 498 1321 δ’
526 1260 666 1342 ἔφυμεν·
689 1260 723 1322 αἱ
746 1257 777 1321 δ’
804 1259 901 1323 άλλαι
923 1260 1034 1334 πόλεις

240 1376 372 1429 πεσσῶν
395 1366 515 1447 ὁμοίως
538 1366 716 1450 διαφοραῖς
738 1363 925 1447 ἐατισμέναι

241 1473 337 1536 άλλαι
358 1469 436 1556 παρ’
464 1473 574 1536 ἄλλων
598 1470 684 1536 είσὶν
707 1472 929 1555 εἰσαγώγιμοι.
1132 1487 1165 1536 10

242 1578 331 1654 ὅστις
354 1577 384 1642 δ’
411 1576 465 1641 ἀπ’
492 1579 592 1660 άλλης
614 1580 731 1654 πόλεος
754 1579 868 1663 οίαηση
891 1579 1004 1660 πόλιν,

242 1683 344 1770 άρμὸς
366 1685 511 1769 πονηρὸς
533 1684 642 1770 ὥσπερ
665 1682 703 1749 ἐν
726 1682 812 1770 ξύλω
834 1686 967 1769 παγείς,

241 1793 327 1879 λόγω
351 1792 486 1873 πολίτης
509 1788 593 1873 ἐστί,
617 1800 686 1867 τοῖς
709 1787 739 1854 δ’
766 1793 914 1876 ἔργοισιν
937 1792 986 1856 οὔ.

242 1899 352 1962 ἔπειτα
375 1896 474 1962 τέκνα
497 1895 588 1962 τοῦδ’
615 1895 705 1961 ἕκατι
728 1899 894 1980 τίκτομεν,

244 2005 288 2080 ὡς
309 2011 401 2068 θεῶν
423 2027 458 2068 τε
481 2006 613 2086 βωμοὺς
635 2004 778 2088 πατρίδα
799 2026 835 2068 τε
858 2002 1025 2087 ῥυώμεθα.
1130 2019 1164 2068 15

242 2113 368 2186 πόλεως
391 2108 421 2173 δ’
448 2109 575 2194 ἁπάσης
597 2108 731 2192 τοῦνομ’
759 2108 809 2192 έν,
832 2108 950 2174 πολλοὶ
973 2109 1013 2175 δέ
1033 2134 1089 2175 νιν

241 2218 387 2281 ναίουσι·
409 2217 548 2292 τούτους
570 2227 639 2292 πῶς
662 2217 860 2301 διαφθεῖραί
879 2239 919 2299 με
941 2219 1017 2301 χρη,

241 2321 315 2400 ἐξὸν
337 2322 536 2407 προπάντων
558 2325 639 2405 μίαν
661 2322 865 2407 ὑπερδοῦναι
887 2328 1021 2402 θανεῖν;

241 2430 331 2514 εἴπερ
355 2430 417 2515 γάρ
441 2428 587 2513 ἀριθμὸν
610 2424 686 2494 οῖδα
708 2426 762 2493 καὶ
786 2428 1008 2504 τούλάσσονος

239 2537 275 2600 τὸ
299 2539 424 2618 μεῖζον,
448 2535 547 2612 οὑνὸς
570 2531 660 2612 οἶκος
683 2535 723 2600 οὐ
746 2533 849 2600 πλέον
871 2533 986 2600 σθένει
1128 2551 1162 2600 20

239 2644 378 2719 πταίσας
400 2641 527 2727 ἁπάσης
548 2645 667 2719 πόλεος
689 2640 761 2707 οὐδ’
789 2643 863 2707 ἴσον
886 2641 989 2728 φέρει.

239 2750 269 2814 εί
292 2747 323 2813 δ’
349 2745 392 2832 ἦν
415 2747 452 2813 ἐν
475 2747 579 2826 οίιιοις
602 2747 676 2814 ἀντὶ
698 2752 846 2832 θηλειῶν
869 2749 990 2834 στάχυς

239 2857 359 2941 άρσην,
381 2858 480 2920 πόλιν
503 2852 540 2920 δὲ
562 2859 701 2938 πολεμία
724 2864 851 2940 κατεῖχε
874 2854 972 2939 φλόξ,

239 2963 300 3026 οὐκ
322 2963 364 3026 άν
387 2986 443 3026 νιν
466 2961 646 3047 ἐξέπεμπον
669 2964 717 3040 είς
737 2962 844 3046 μάχην
868 2963 980 3048 δορός,

237 3068 388 3134 θάνατον
406 3068 645 3155 προταρβοῦσ’;
669 3067 740 3134 ἀλλ’
763 3067 866 3152 ἔμοιγ’
889 3071 971 3133 ἔστω
990 3067 1103 3152 τέκνα,
1126 3083 1160 3132 25

240 3175 260 3240 δ
283 3173 337 3240 καὶ
360 3175 496 3260 μάχοιτο
519 3174 574 3240 καὶ
596 3174 665 3258 μετ’
692 3173 854 3262 ἀνδράσιν
877 3173 1010 3261 πρέποι,

238 3283 282 3366 μη
306 3280 440 3366 σχήματ’
467 3283 573 3360 άλλως
596 3281 633 3346 έν
655 3285 748 3347 πόλει
771 3285 949 3366 πεφυκότα.

237 3390 277 3452 τά
299 3387 449 3474 μητέρων
472 3389 510 3454 δὲ
533 3387 649 3475 δάκρυ’
675 3389 755 3454 ὅταν
777 3388 887 3476 πέμπη
910 3387 1023 3472 τέκνα,

237 3498 382 3572 πολλοὺς
404 3494 541 3579 ἐθήλυν’
568 3497 615 3573 είς
636 3497 743 3579 μάχην
767 3495 987 3581 ὁρμωμένους.
