2668 3994
529 755 800 832 Praefatio.

251 1053 343 1131 Quod
366 1056 543 1122 multorum
560 1059 703 1124 virorum
722 1057 889 1124 doctorum
907 1055 1168 1141 bibliopolaeque

160 1162 345 1228 auctoritati
368 1163 513 1229 obsecuti
535 1186 653 1230 noram
674 1165 759 1230 hanc
780 1164 932 1251 florilegii
953 1164 1055 1228 nostri
1077 1164 1169 1228 fasci·

159 1267 305 1333 culorum
328 1270 443 1335 seriem
466 1269 616 1358 colligere
639 1275 671 1337 et
694 1272 729 1336 in
748 1272 915 1356 publicum
937 1270 1030 1335 edere
1052 1271 1169 1336 consti-

160 1375 294 1459 tuimus,
322 1377 492 1442 consilium
517 1382 665 1444 nostrum
691 1379 777 1444 idem
804 1379 879 1462 fuit,
907 1377 993 1463 quod
1020 1378 1055 1441 in
1081 1399 1170 1461 prae-

159 1481 282 1548 satione
288 1484 385 1570 primi
395 1483 541 1550 fasciculi
550 1507 827 1570 proposueramus,
840 1488 877 1550 ut
887 1489 919 1550 et
928 1485 1169 1571 gymnasiorum

160 1589 224 1672 ipsi
246 1590 319 1654 usui
342 1592 532 1657 serviremus
555 1596 588 1657 et
610 1593 776 1677 discipulis
803 1591 970 1658 scientiam
996 1583 1170 1675 antiquitass

158 1696 203 1760 tis
225 1695 299 1761 aliis
322 1698 542 1783 scriptoribus,
564 1703 661 1782 atque
683 1701 718 1763 in
740 1700 918 1787 gymnasiis
935 1698 1067 1763 tractari
1090 1697 1170 1762 solo-

159 1805 245 1884 rent,
281 1803 417 1888 aliisque
453 1805 548 1871 rebus
584 1806 723 1893 cognitis
759 1806 1034 1890 amplificaremus.
1086 1825 1169 1868 unus

159 1907 331 1974 fasciculus
354 1915 487 1994 quartus
512 1912 652 1978 decimus
675 1913 782 1998 capita
804 1911 960 1997 quaedam
982 1934 1022 1975 ex
1044 1909 1170 1994 Thucy·

160 2015 244 2080 didis
267 2015 411 2083 historiis
435 2023 562 2104 sumpta
585 2019 828 2106 conprehendit,
855 2041 929 2084 cum
952 2019 987 2084 in
1008 2018 1169 2102 plerisque

159 2124 336 2207 gymnasiis
358 2127 478 2190 nostris
500 2126 648 2210 publicae
670 2126 819 2192 lectionis
840 2125 948 2191 locum
976 2147 1070 2189 suum
1092 2145 1170 2189 non-

159 2229 237 2293 dum
264 2230 474 2315 deseruerint,
501 2234 643 2319 itemque
671 2255 710 2298 ex
737 2232 882 2298 Platonis
906 2230 1036 2297 Critone
1063 2228 1171 2314 apolo-

159 2337 277 2422 giaque
313 2341 345 2402 et
386 2360 425 2403 ex
462 2339 689 2406 Demosthenis
730 2339 931 2405 orationibus
969 2337 1169 2421 Philippicis.

160 2463 403 2525 seposueramus
430 2447 509 2511 talia
534 2468 574 2512 ex
600 2448 705 2531 prima
732 2450 765 2510 et
791 2447 891 2511 altera
917 2444 1066 2530 pentade,
1089 2443 1169 2508 desi-

159 2549 349 2616 deraverunt
372 2551 427 2616 alii
449 2554 511 2616 viri
532 2574 639 2617 rerum
658 2552 921 2618 scholasticarum
942 2552 1049 2637 periti,
1072 2550 1169 2635 idque

159 2677 244 2720 nuno
263 2658 331 2721 iure
350 2657 489 2743 quodam
507 2681 575 2725 suo.
606 2682 682 2724 nam
695 2658 802 2724 hercle
821 2660 899 2724 olim
918 2657 1169 2722 adulescentium

159 2763 262 2847 magis
297 2764 450 2842 intererat
485 2766 611 2852 integra
647 2767 839 2850 scriptorum
875 2786 972 2849 opera
1007 2764 1169 2848 possidere

160 2869 371 2954 manibusque
395 2875 496 2937 terere
519 2895 616 2957 quam
639 2873 813 2958 particulas
836 2872 991 2958 quasdam
1013 2871 1099 2935 notis
1122 2871 1169 2934 in·

159 2997 292 3060 spersas,
311 2977 428 3060 quibus
447 2979 507 3043 etsi
524 2979 616 3043 labor
636 2980 868 3064 meditatioque
888 2979 1081 3061 sublevatrr,
1104 2981 1169 3041 stu-

158 3083 248 3147 dium
270 3088 379 3149 tamen
402 3088 436 3149 et
456 3108 547 3151 amor
568 3087 669 3170 ipsius
693 3087 798 3170 operis
821 3085 1050 3169 scriptorisque
1071 3085 1169 3168 repri·

159 3190 258 3254 mitur
284 3191 337 3256 rel
363 3193 582 3278 restinguitur.
628 3197 740 3258 contra
761 3194 797 3257 in
819 3193 932 3258 ceteris
950 3191 1110 3257 fasciculis
1128 3212 1169 3256 ne

160 3297 206 3360 sio
246 3297 375 3381 quidem
416 3299 501 3363 intra
536 3299 616 3364 fines
652 3300 845 3400 scriptorum
881 3298 1099 3382 librorumque
1135 3298 1169 3362 in

158 3402 277 3468 scholis
305 3405 498 3470 usitatorum
524 3428 584 3471 nos
612 3405 817 3472 coercuimus.
850 3406 885 3470 in
911 3406 1080 3470 undecimo
1110 3405 1169 3490 igi-

157 3513 212 3573 tur
237 3510 336 3575 habes
364 3511 587 3597 supplementa
612 3514 724 3597 primi,
751 3514 853 3596 tertii,
880 3514 987 3597 quinti
1013 3536 1053 3577 ex
1079 3513 1170 3598 larga
