2668 3994
536 149 569 203 X.
588 151 798 202 ΕΤΡΙΠΙΔΗΣ.
1132 143 1175 210 33

166 351 170 386 ;
255 316 362 402 χρόνῳ
386 311 416 378 δ’
444 309 565 396 ἀπέστη
588 312 643 377 καί
665 308 781 396 μεθηχ’
809 309 827 376 δ
851 311 1017 395 δύσμορος
1067 331 1068 334 ’

254 423 377 505 ψυχήν·
400 427 503 484 κακοῦ
527 419 590 504 γὰρ
614 415 720 483 οὐκέτ’
746 413 789 501 ἦν
811 415 996 502 ὑπέρτερος.

256 536 380 592 κεῖνται
403 522 439 590 δὲ
461 525 573 611 νεκροί
596 535 673 601 παῖς
695 547 730 590 τε
752 507 807 588 καὶ
829 523 938 608 γέρων
959 523 1065 607 πατὴρ

255 631 371 716 πέλας,
393 633 535 716 ποθεινὴ
558 632 732 717 δακρύοισι
754 631 919 715 συμφορά.

256 741 314 804 καί
334 763 390 821 μοι
412 739 450 804 τὸ
473 735 535 821 μὲν
557 739 619 804 σὸν
641 736 791 803 ἐκποδὼν
813 733 896 801 ἔστω
920 738 1034 818 λόγου·
1126 750 1177 798 100

257 848 377 929 γνώσει
400 848 463 933 γδιρ
487 845 569 930 αὐτὴ
593 847 706 929 ζημίας
727 843 950 930 ἀποστροφήν.

256 954 295 1017 τδι
317 953 428 1037 θνητοὶ
451 950 480 1016 δ’
508 952 548 1017 οὐ
572 960 637 1016 νῦν
658 962 791 1036 πρῶτον
813 952 956 1034 ἡγοῦμαι
978 948 1091 1033 σκιάν,

260 1057 331 1124 οὐδ’
359 1056 402 1124 δν
424 1056 541 1146 τρέσας
563 1063 687 1141 είποιμι
709 1059 787 1134 τοὺς
811 1058 938 1141 σοφοὺς
959 1059 1089 1141 βροτῶν

258 1166 439 1240 δοκοῦντας
461 1159 547 1230 εἶναι
569 1164 624 1229 καὶ
645 1165 843 1248 μεριμνητδις
866 1165 975 1246 λόγων
1019 1215 1021 1220 .

257 1273 395 1348 τούτους
417 1273 575 1355 μεγίστην
596 1272 724 1357 μωρίαν
747 1269 975 1353 ὀφλισκάνειν·
1128 1282 1178 1332 105

259 1384 395 1462 θνητῶν
418 1379 480 1463 γὰρ
504 1377 615 1454 οὐδείς
636 1375 728 1442 ἐστιν
751 1377 917 1458 εὐδαίμων
940 1375 1037 1460 ἀνήρ·

259 1487 362 1569 ὄλβου
385 1481 416 1549 δ’
443 1481 656 1570 ἐπιρρυέντος
679 1480 910 1568 εὐτυχέστερος

260 1593 363 1656 ἀλλον
386 1588 506 1674 γένοιτ’
533 1589 576 1654 δν
598 1590 710 1672 ἄλλος,
733 1589 899 1670 εὐδαίμων
922 1586 952 1653 δ’
979 1587 1021 1654 lv
1043 1588 1093 1654 οὐ.

359 1767 398 1832 X.
431 1765 563 1832 Adrasti
586 1770 617 1831 ei
640 1765 756 1830 Thesei
778 1765 985 1849 colloquium.

357 1870 510 1941 (Euripidis
530 1869 625 1939 Suppl
647 1875 787 1924 163-262
806 1869 850 1923 ed.
868 1869 989 1940 Nauck.)

237 1957 276 2014 Ἡ
320 1982 337 2016 ν
356 1959 443 2029 σκηνὴ
463 1960 493 2014 έν
504 1955 654 2014 Ἐλευσῖνι·
675 1957 690 2012 δ
705 1957 737 2013 δέ
750 1958 833 2028 γορδς
852 1958 880 2024 ἐξ
889 1954 1016 2028 Ἀργείων
1026 1965 1179 2028 γυναικῶν,

170 2032 201 2086 αλ
223 2051 276 2102 μητ
291 2051 337 2101 ρες
358 2025 431 2100 ἦσαν
452 2039 508 2086 τῶν
533 2031 562 2086 έν
584 2029 692 2102 Θήβαις
713 2026 898 2085 πεπτωκότων
917 2028 1059 2100 ἀριστέων.
1096 2029 1128 2084 τὸ
1148 2028 1179 2084 δὲ

171 2105 265 2173 δρᾶμα
298 2103 433 2172 ἐγκώμιον
459 2097 585 2170 Ἀθηνῶν
622 2100 829 2171 (Hypotheeis).
867 2101 1004 2156 Adrastus
1031 2104 1181 2171 postquam

171 2174 285 2228 oreeulo
308 2172 431 2242 quodem
456 2171 595 2242 Apollinis
618 2172 750 2226 inductus
775 2171 847 2226 filies
871 2188 935 2226 suae
963 2189 1026 2227 oum
1048 2171 1181 2241 Polynice

171 2247 200 2298 et
222 2245 318 2313 Tydeo
341 2243 456 2299 advenis
475 2243 567 2300 iunxit
586 2245 619 2313 (v.
635 2246 693 2313 48),
712 2242 808 2299 invitis
827 2243 870 2298 dis
889 2245 923 2313 (v.
938 2247 996 2314 51),
1018 2247 1051 2298 ut
1069 2242 1181 2312 Polyni-

172 2331 232 2370 oem
250 2315 280 2370 in
297 2315 421 2385 μεθήκω
443 2315 602 2380 reduceret,
626 2313 833 2384 expeditionem
855 2315 990 2384 suscepit,
1014 2331 1070 2383 que
1088 2313 1181 2368 infeli-

172 2387 241 2442 citer
259 2389 341 2456 gesta
355 2403 372 2440 a
386 2386 501 2451 Theseo,
520 2387 554 2440 ut
571 2401 687 2454 corpora
700 2389 873 2439 mortuorum
888 2402 905 2439 ι,
918 2385 1059 2440 Thebanis
1077 2388 1182 2456 uegeto

169 2460 289 2528 repetat,
308 2457 389 2527 potii.

554 2546 796 2614 ΑΔΡΑΣΤΟΣ.

254 2653 336 2721 Ἀλλ’
364 2652 389 2720 ὦ
412 2654 489 2720 καθ’
512 2653 640 2720 Ἑλλάδ’
668 2655 893 2738 ἀλκιμώτατον
915 2657 1013 2742 κόρα,

260 2760 342 2840 ἄναξ
361 2759 529 2846 Ἀθηνῶν,
553 2760 590 2827 έν
612 2759 674 2844 μὲν
697 2763 869 2847 αἰσχύναις
891 2758 953 2846 ἔχω

259 2869 386 2933 πίτνων
408 2869 490 2953 πρὸς
513 2864 615 2945 οὖδας
637 2870 719 2951 γόνυ
744 2869 804 2933 σὸν
827 2867 1001 2953 ἀμπίσχειν
1023 2870 1108 2955 χερί,

260 2974 375 3050 πολιὸς
397 2973 481 3061 ἀνὴρ
503 2975 667 3059 τύραννος
689 2975 855 3057 εὐδαίμων
877 2975 994 3062 πόρος·

262 3079 349 3164 ὅμως
371 3078 400 3144 δ’
428 3078 553 3164 ἀνάγκη
578 3091 763 3165 συμφοραῖς
786 3082 886 3147 εἴκειν
909 3079 974 3163 έμέ.
1166 3098 1181 3144 ο

262 3198 373 3252 σῶσον
395 3187 534 3271 νεκρούς
556 3211 612 3268 μοι
634 3187 719 3268 κάμοί
741 3185 768 3251 τ’
797 3189 958 3273 οἰκτείρας
981 3189 1063 3253 κακὰ

262 3291 317 3358 καὶ
339 3304 406 3358 τῶν
428 3295 605 3358 θανόντων
627 3294 726 3358 τάσδε
748 3293 888 3380 μητέρας
910 3295 1049 3378 τέκνων,

263 3390 315 3475 αἷς
337 3408 439 3484 γῆρας
460 3399 532 3482 ἥκει
554 3400 672 3464 πολιὸν
694 3401 741 3476 είς
763 3399 934 3487 ἀπαιδίαν,

263 3503 378 3570 ἐλθεῖν
401 3503 430 3569 δ’
457 3502 597 3589 ἔτλησαν
620 3506 719 3592 δεῦρο
741 3504 797 3572 καί
820 3505 916 3584 ξένον
939 3509 1024 3572 πόδα
