2668 3994
169 176 212 242 16
537 174 583 228 lv.
607 176 807 226 ΑιΣΧεΛοΣ.

275 331 333 402 ὧδ’
360 334 598 424 ἐρρύθμισμαι,
624 336 706 419 Ζηνί
730 337 890 419 δυσκλεὴς
912 333 985 400 θέα.

167 442 235 509 ΧΟ.
275 444 490 529 σιδηρόφρων
512 466 547 508 τε
570 441 631 507 κάκ
653 441 773 527 πέτρας
796 439 1024 529 εἰργασμένος,

169 611 173 618 .
277 551 382 634 ὅστις,
406 553 606 635 Προμηθεῦ,
629 559 740 614 σοῖσιν
763 548 804 613 οὐ
828 545 1016 635 ξυνασχαλᾷ

274 659 427 742 μόχθοις·
451 655 513 739 ἐγὼ
538 657 600 741 γὰρ
624 653 693 721 οὔτ’
721 653 763 719 άν
786 655 925 720 εἰσιδεῖν
946 655 1026 719 τάδε

277 759 413 849 ἔχρῃζον
436 762 608 828 εἰσιδοῦσά
630 760 658 825 τ’
684 762 860 845 ἠλγύνθην
882 759 971 847 κέαρ.

167 867 237 933 ΠΡ.
276 869 331 934 καί
353 870 418 953 μὴν
441 871 553 953 φίλοις
575 867 700 945 έλεινὸς
723 869 858 954 εἰσορᾶν
881 865 954 950 ἐγώ.

166 973 236 1040 XO.
273 977 319 1058 μῆ
341 977 406 1040 πού
430 1000 461 1040 τι
483 976 632 1061 προύβης
654 975 760 1039 τῶνδε
783 975 837 1039 καί
860 973 1055 1060 περαιτέρω;

168 1080 237 1151 ΠΡ.
276 1084 424 1166 θνητοὺς
446 1079 574 1146 ἔπαυσα
595 1082 639 1164 μῆ
662 1078 907 1166 προδέρκεσθαι
929 1082 1043 1166 μόρον.

169 1186 238 1252 XO.
276 1188 314 1252 τὸ
337 1197 436 1252 ποῖον
459 1188 567 1274 εὑρὼν
589 1188 688 1270 τῆσδε
711 1187 887 1272 φάρμακον
909 1188 1025 1265 νόσους

166 1293 236 1359 ΠΡ.
276 1295 403 1378 τυφλὰς
426 1292 463 1358 έν
486 1294 599 1371 αὐτοῖς
623 1293 757 1370 ἐλπίδας
779 1290 953 1380 κατηίκισα.

165 1397 235 1464 XO.
274 1399 346 1485 μέγ’
372 1399 529 1485 ὠφέλημα
551 1399 640 1465 τοῦτ’
668 1399 823 1485 ἐδωρήσω
846 1403 986 1485 βροτοῖς.

166 1505 235 1570 ΠΡ.
274 1507 356 1593 πρὸς
378 1509 489 1572 τοῖσδε
512 1505 625 1589 μέντοι
647 1515 714 1592 πῦρ
739 1505 803 1590 ἐγώ
826 1523 910 1590 σφιν
932 1507 1056 1570 ὤπασα.

166 1610 234 1676 XO.
273 1614 328 1678 καὶ
351 1622 416 1677 νῦν
439 1615 619 1698 φλογωπὸν
642 1611 758 1699 σπέρμ’
785 1610 895 1698 ἔχοντ’
922 1611 1094 1699 ε’φῆμεροι;

166 1717 235 1782 ΠΡ.
275 1716 333 1803 ἀφ’
360 1713 401 1783 οὗ
423 1741 462 1803 γε
483 1721 607 1796 πολλάς
630 1719 875 1803 ἐκμαθήσονται
897 1717 1021 1802 τέχνας.

165 1821 235 1888 XO.
274 1825 419 1890 τοιοῖσδε
443 1826 484 1909 δή
507 1843 544 1892 σε
569 1828 653 1903 Ζεὺς
677 1824 727 1890 ἐπ’
755 1826 945 1907 αἰτιάμασιν
969 1857 1011 1870 -

166 1929 235 1995 HP.
275 1932 433 2011 αἰκίζεταί
453 1955 488 1997 τε
511 1933 660 2018 κούδαμῇ
683 1937 767 2019 χαλᾷ
789 1941 907 1997 κακῶν.

165 2035 235 2106 XO.
274 2036 348 2103 οὐδ’
374 2036 465 2104 ἔστιν
488 2040 597 2104 ἄθλου
621 2038 723 2124 τέρμα
747 2056 800 2104 σοι
822 2041 1053 2123 προκείμενον;

167 2142 235 2208 ΠΡ.
275 2144 338 2209 οὐκ
360 2146 440 2209 άλλο
464 2142 496 2228 γ’
519 2143 636 2228 οὐδέν,
658 2146 745 2228 πλὴν
768 2145 848 2210 ὅταν
870 2147 969 2230 κείνω
993 2143 1083 2228 δοκῇ.

167 2246 236 2314 XO.
278 2249 366 2328 δόξει
390 2251 427 2316 δὲ
449 2261 531 2331 πῶς;
554 2253 604 2328 τίς
627 2250 731 2330 έλπίς;
755 2253 815 2336 οὐχ
839 2251 918 2337 ὁρᾷς
941 2250 992 2315 ὅτι

274 2356 430 2441 ἥμαρτες;
452 2357 497 2434 ὡς
519 2355 550 2422 δ’
572 2357 712 2444 ἥμαρτες
735 2357 803 2423 οὔτ’
832 2356 903 2439 ε’μοί
926 2355 1034 2438 λέγειν

275 2461 353 2527 καθ’
379 2463 506 2547 ἡδονῆν
529 2467 586 2529 σοί
605 2463 634 2527 τ’
656 2467 763 2548 άλγος.
796 2464 879 2529 άλλδι
901 2471 1002 2527 ταῦτα
1025 2461 1087 2544 μὲν

273 2575 443 2654 μεθῶμεν,
467 2572 576 2635 άθλου
601 2569 631 2635 δ’
658 2569 793 2636 ἔκλυσιν
817 2573 901 2655 ζήτει
924 2569 1007 2634 τινά.
1147 2582 1183 2632 70

166 2672 238 2746 ΠΡ.
277 2673 438 2761 ἐλαφρόν,
462 2676 552 2754 ὅστις
574 2678 732 2761 πημάτων
754 2675 814 2755 ἔξω
838 2678 924 2742 πόδα

274 2778 361 2866 ἔχει(
378 2792 554 2867 παραινεῖν
577 2790 753 2849 νουθετεῖν
776 2807 810 2848 τε
833 2785 893 2848 τὸν
915 2792 1021 2858 κακῶς

274 2886 470 2973 πράσσοντ’·
503 2888 567 2971 ἐγὼ
592 2889 628 2953 δὲ
650 2887 749 2954 ταῦθ’
777 2887 892 2954 ἅπαντ’
919 2887 1114 2971 ἠπιστάμην.

275 2991 359 3059 ἑκὼν
383 2993 468 3060 ἑκὼν
490 2995 652 3079 ἥμαρτον,
676 2995 737 3060 οὐκ
761 2994 956 3079 ἀρνήσομαι·

274 3106 413 3183 θνητοῖς
437 3100 570 3186 άρῆγων
594 3101 693 3178 αὐτὸς
715 3101 864 3187 ηὑρόμην
886 3103 1019 3176 πόνους.
1146 3115 1182 3164 ⁷5

275 3206 316 3271 οὐ
338 3209 405 3290 μῆν
427 3232 459 3273 τι
481 3217 613 3285 ποιναῖς
635 3205 666 3292 γ’
689 3206 800 3296 ᾠόμην
823 3211 947 3273 τοίαισί
965 3229 1006 3291 με

274 3320 567 3398 κατισχνανεῖσθαι
591 3316 674 3399 πρὸς
696 3314 830 3398 πέτραις
852 3316 1055 3400 πεδαρσίοις,

265 3417 406 3504 τυχόντ’
433 3418 556 3506 ἰρῆμον
580 3419 671 3485 τοῦδ’
698 3420 868 3504 ἀγείτονος
890 3422 1007 3504 πάγου.

275 3526 334 3589 καί
352 3547 409 3607 μοι
431 3527 471 3592 τά
493 3525 555 3610 μὲν
577 3530 724 3613 παρόντα
746 3529 790 3610 μὴ
815 3527 952 3613 δύρεσθ’
979 3528 1054 3616 άχη,
