2668 3994
174 145 218 209 54
520 145 592 199 XIX.
612 148 827 200 ΘΕΟΚΡΙΤΟΣ.

220 309 333 393 ἄρχετε
352 312 559 391 βονιιολιιιᾶς,
577 313 706 374 Μοῖσαι
724 311 830 392 φῖλαι,
849 308 956 394 ἄρχευ’
979 307 1100 385 ἄοιδᾶς.

174 409 285 497 ἦνθον
307 412 358 479 τοὶ
381 419 514 498 βοῦται,
536 412 588 479 τολ
610 414 778 499 ποιμένες,
802 417 932 480 αἰπόλοι
955 411 1076 498 ἦνθον·

174 521 294 597 πάντες
308 520 496 606 ἀνηρώτων,
510 524 545 586 τί
555 522 660 586 πάθοι
674 525 786 587 κακόν.
804 517 883 605 ἄνθ’
897 522 914 588 ὁ
926 524 1130 607 Πρῖηπος-
1148 539 1184 588 80

220 629 334 713 ἄρχετε
356 631 563 711 βουκολικᾶς,
580 632 709 693 Μοῖσαι
732 631 838 712 φῖλαι,
862 627 968 714 ἄρχευ’
986 628 1101 706 ἀοιδᾶς
1117 667 1162 676 -

175 735 278 818 ιιᾶφα·
310 735 437 818 εΔάφνι
460 735 573 817 τάλαν,
596 737 630 799 τί
650 759 693 799 νυ
716 735 841 816 τάκεαις
864 735 885 800 ἄ
909 735 947 801 δέ
968 759 1008 800 τυ
1032 737 1122 822 ιιώρα

175 841 281 917 πάσας
304 841 366 906 ἀνά
389 840 523 926 αράνας,
545 840 641 905 πάντ’
668 843 769 906 ἄλσεα
791 841 890 908 ποσσὶ
913 852 1063 927 φορεῖται

176 946 311 1025 ζατοῖσ’·
334 942 356 1012 ἆ
378 949 525 1033 δύσερώς
546 971 596 1024 τις
619 949 704 1030 ἄγαν
727 946 781 1013 καὶ
805 949 969 1033 ἀμήχανος
992 947 1072 1014 ἐσσί.

175 1055 297 1137 βούτας
318 1055 384 1136 μάν
406 1051 534 1138 ἐλέγου,
557 1063 622 1119 νῦν
645 1053 675 1118 δ’
702 1055 826 1142 αἰπόλφ
850 1054 946 1141 άνδρλ
971 1056 1099 1133 ἔοικας.’
1150 1071 1184 1120 85

220 1162 333 1245 ἄρχετε
355 1164 562 1244 βουκολικᾶς,
585 1165 714 1226 Μοῖσαι
738 1164 843 1245 φίλαι,
866 1161 973 1247 ἄρχετ’
1000 1162 1121 1240 ἀοιδοῖς.

176 1265 320 1353 (ςδπόλος
342 1266 410 1332 ἄνοι’
438 1265 536 1353 ἐσορῖχ
559 1269 616 1344 τὰς
637 1269 784 1352 μηκάδας
807 1260 861 1333 οἷα
883 1273 1073 1352 βατεῦνται,

175 1374 313 1438 τάκεται-
329 1374 525 1458 ὀφθαλμώς,
549 1375 599 1438 ὅτι
623 1375 662 1439 οὐ
686 1376 806 1459 τράγος
829 1376 927 1452 αὐτὸς
949 1377 1070 1459 ἔγεντο.

175 1478 231 1546 καὶ
253 1483 293 1545 τὺ
313 1479 343 1545 δ’
365 1479 438 1546 ἐπεῖ
453 1480 483 1545 α’
506 1479 623 1566 ἐσορῇς
645 1482 702 1558 τᾶς
723 1480 892 1566 παρθένος
915 1472 970 1546 οἷα
992 1486 1135 1566 γελᾶντι,

175 1588 286 1652 τάαεαι
309 1587 504 1671 ὀφθαλμώς,
527 1587 577 1653 ὅτι
601 1588 640 1652 οὐ
664 1589 744 1670 μετὰ
766 1597 840 1673 τῇσι
863 1588 1031 1673 χορεύεις.’
1150 1606 1184 1655 90

220 1696 333 1779 ἄρχετε
356 1698 568 1778 βουκολικᾶς,
591 1698 720 1760 Μοῖσαι
744 1696 853 1779 φῖλαι,
877 1694 983 1780 ἄρχετ’
1010 1695 1132 1774 ἀοιδᾶς.

175 1801 239 1877 τὼς
257 1799 287 1865 δ’
310 1801 410 1866 οὐδὲν
431 1798 621 1878 ποτελέξαθ’
644 1801 662 1867 ὁ
681 1804 852 1885 βουκόλος,
875 1801 957 1866 ἀλλὰ
975 1803 1033 1867 τὸν
1051 1802 1139 1868 αὑτῶ

176 1909 256 1973 ἄνυε
278 1909 398 1994 πικρὸν
422 1910 526 1993 ἔρωτα
548 1906 603 1972 καὶ
626 1906 660 1984 ἐς
682 1906 774 1984 τέλος
797 1910 878 1973 ἄνυε
900 1910 1024 1992 μοίρας.

220 2016 333 2100 ἄρχετε
355 2019 564 2099 βόυιιολιαᾶς,
586 2019 713 2079 Μοῖσαι
737 2017 842 2100 φῖλαι,
866 2014 973 2100 ἄρχευ’
1000 2015 1121 2092 ἄοιδῖις.

175 2115 263 2203 ἄνθε’
285 2145 322 2204 γε
344 2123 410 2203 μᾶν
433 2121 527 2186 ἁδεῖα
549 2119 604 2186 καὶ
628 2120 648 2185 ἄ
672 2122 803 2205 Κύπρις
825 2122 995 2204 γελάοισα,
1150 2138 1183 2186 95

176 2230 295 2314 λαῖδρα
317 2228 377 2310 μὲν
401 2228 571 2312 γελάοισα,
594 2229 702 2313 βαρὺν
726 2226 756 2293 δ’
783 2226 834 2293 ἐνὶ
856 2229 968 2311 θυμὸν
992 2231 1117 2313 ἔχοισα,

176 2330 279 2399 κεῖπε·
299 2334 355 2398 (τά
372 2341 442 2418 θην
460 2335 519 2398 τὸν
528 2333 657 2420 Ἔρωτα
675 2333 745 2399 κατ’
760 2335 865 2417 εὔχεο,
879 2334 1006 2419 Δάφνι,
1025 2333 1184 2418 λυγιξεῖν·

176 2437 196 2525 ἦ
219 2439 249 2526 ρ’
277 2441 338 2506 οὐκ
361 2441 459 2518 αὐτὸς
471 2440 617 2525 Ἔρωτος
639 2440 695 2506 ὕπ’
722 2438 870 2526 ἀργαλέω
894 2438 1103 2527 ἐλυγῖχθης;’

220 2550 333 2633 ἄρχετε
355 2551 566 2632 βονκολικᾶς,
588 2552 731 2630 Μοῖσαι,
754 2548 854 2612 πάλιν
877 2548 985 2633 ἄρχετ’
1013 2548 1135 2626 ἀοιδᾶς.

175 2656 236 2719 τᾶν
251 2653 280 2719 δ’
299 2656 362 2741 ἄρα
375 2655 421 2739 χὼ
435 2654 569 2738 Δάφνις
582 2656 809 2738 ποταμείβετο·
834 2654 963 2740 Ἥύπρι
977 2658 1104 2740 βαρεῖα,
1132 2671 1183 2720 100

176 2762 289 2846 Κύπρι
312 2761 508 2844 νεμεσσατά,
531 2761 644 2846 Κύπρι
666 2768 844 2825 θνατοῖσιν
866 2759 1024 2845 ἄπεχθής·

175 2868 238 2952 ἤδη
261 2869 324 2953 γὰρ
347 2868 481 2957 φράσδχχ
503 2866 606 2932 πάνθ’
633 2869 728 2932 ἄλιον
751 2869 831 2950 ἄμμι
855 2869 1020 2946 δεδυκεῖν,

176 2975 309 3059 Δάφνις
331 2975 394 3058 κήν
412 2973 504 3039 Ἀΐδα
526 2975 629 3040 κακὸν
652 2977 780 3039 ἔσσεται
803 2975 902 3057 ἄλγος
916 2973 1046 3060 Ἔρωτι.

220 3083 334 3166 ἄρχετε
355 3085 567 3165 βονκολικᾶς,
589 3085 733 3164 Μοῖσαι,
755 3081 856 3145 πάλιν
880 3080 986 3166 ἄρχευ’
1013 3080 1135 3157 ἀοιδᾶς.

176 3183 202 3252 ὦ
225 3189 334 3271 λύκοι,
358 3183 384 3252 ὦ
406 3195 509 3271 θῶες,
532 3184 557 3253 ὧ
581 3187 632 3252 ἄν’
659 3189 745 3273 ἄρεα
767 3186 918 3273 φωλάδες
940 3188 1069 3283 ἄρκτοι,
1132 3201 1182 3251 1οό

175 3292 319 3379 χαίρεθ’·
339 3294 356 3360 ὁ
376 3297 536 3377 βουκόλος
553 3287 634 3377 ὗμιν
651 3291 715 3377 ἐγὼ
734 3294 868 3377 Δάφνις
886 3292 992 3358 οὐκέτ’
1015 3292 1066 3358 ἄν’
1088 3293 1183 3376 ἄλαν,

176 3398 282 3464 οὐκέτ’
310 3399 372 3464 ἀνά
396 3401 542 3484 δρυμώς,
565 3400 627 3465 οὐκ
649 3401 757 3465 ἄλσεα.
780 3399 882 3485 χαῖρ’,
901 3397 1078 3484 Ἀρέθοισα

175 3505 229 3570 καὶ
252 3509 407 3590 ποταμοί,
435 3505 485 3574 τοὶ
512 3515 597 3592 χεῖτε
620 3507 721 3572 καλὸν
744 3508 825 3571 κατὰ
850 3508 1040 3592 Θυμβρῖδος
1061 3506 1161 3592 ὕδωρ.
