2668 3994
522 181 568 235 IV.
589 185 787 236 ΑΙΣΧΥΛΟΣ.

252 345 308 410 καὶ
333 347 432 429 Γαῖα,
455 348 590 410 πολλῶν
613 345 785 430 ὀνομάτων
806 348 918 432 μορφὴ
940 350 1013 430 μιά,

252 452 290 518 τὸ
314 450 435 535 μέλλον
457 443 479 536 ᾗ
501 454 669 538 κραίνοιτο
692 457 983 538 προυτεθεσπίκει,

252 558 298 636 ὡς
321 559 362 623 οὐ
385 557 454 622 κατ’
483 560 580 644 λσχὺν
603 558 683 624 οὐδὲ
704 560 787 644 πρὸς
809 561 846 624 τὸ
869 561 1030 645 καρτερὸν

254 668 361 751 χρείη,
385 665 471 752 δόλῳ
495 665 533 731 δέ
554 665 633 742 τοὺς
654 665 878 750 ὑπερσχόντας
900 677 1041 752 κρατεῖν.

252 769 379 836 τοιαῦτ’
406 770 487 853 ἐμοῦ
511 774 660 854 λόγοισιν
683 770 906 855 ἐξηγουμένου

252 878 317 944 οὐκ
339 878 483 962 ἠξίωσαν
506 873 585 943 οὐδὲ
607 877 813 966 προσβλέψαι
835 880 873 944 τὸ
895 888 971 944 πᾶν.
1090 925 1093 931 Α

252 985 411 1071 κράτιστα
435 986 476 1068 δή
498 1009 554 1067 μοι
577 996 645 1050 τῶν
667 987 886 1071 παρεστώτων
908 988 981 1051 τότε

253 1089 400 1175 ἐφαίνετ’
427 1086 513 1157 εἶναι
535 1094 767 1179 προσλαβόντα
788 1091 912 1178 μητέρα

254 1195 368 1263 ἑκόνθ’
395 1196 505 1264 ἑκόντι
530 1199 613 1283 Ζηνί
636 1209 930 1285 συμπαραστατεῖν.

252 1302 347 1385 ἐμαῖς
370 1301 407 1370 δὲ
429 1308 566 1389 βουλαῖς
594 1305 764 1393 Ταρτάρου
787 1308 1001 1390 μελαμβαθὴς

252 1411 413 1494 κευθμὼν
435 1413 592 1478 καλύπτει
615 1413 674 1477 τὸν
696 1417 877 1496 παλαιγενῆ
901 1415 1036 1498 Κρόνον

254 1516 385 1581 αὐτοῖσι
409 1518 616 1603 συμμάχοισι.
646 1516 750 1583 τοιάδ’
778 1517 810 1597 ἐξ
834 1516 914 1602 ἐμοῦ

253 1623 273 1688 ό
294 1634 363 1688 τῶν
385 1630 477 1689 θεῶν
499 1624 662 1710 τύραννος
684 1624 894 1709 ὠφελημένος

254 1739 386 1795 κακαῖσι
408 1739 540 1808 ποιναῖς
562 1730 678 1795 ταῖσδέ
698 1729 731 1813 μ’
758 1730 986 1814 ἀντημείψατο.
1093 1775 1096 1781 -

251 1831 362 1901 ἔνεστι
384 1837 448 1924 γάρ
470 1859 539 1914 πῶς
561 1846 659 1902 τοῦτο
682 1847 722 1923 τη
745 1838 919 1923 τυραννίδι
1117 1823 1120 1828 ’

251 1945 396 2027 νόσημα,
420 1953 489 2020 τοῖς
511 1947 639 2028 φίλοισι
661 1945 705 2028 μη
727 1942 933 2010 πεποιθέναι.

253 2047 273 2113 δ
296 2047 326 2113 δ’
354 2045 416 2115 οὖν
439 2049 586 2136 ἐρωτᾶτ’,
610 2052 720 2116 αἰτίαν
743 2049 820 2115 καθ’
846 2050 965 2133 ἥντινα

252 2156 414 2235 αἰκίζεταί
434 2180 488 2240 με,
511 2166 610 2222 τοῦτο
635 2157 675 2240 δὴ
699 2167 861 2241 σαφηνιῶ.

243 2245 345 2339 Αόκιος
366 2263 501 2348 τάχιστα
524 2265 584 2328 τὸν
606 2271 759 2352 πατρῷον
781 2261 814 2340 ἐς
836 2265 965 2348 θρόνον

253 2367 413 2453 καθέζετ’,
436 2370 541 2446 εὐθὺς
565 2371 720 2453 δαίμοσιν
742 2368 834 2452 νέμει
856 2367 937 2453 γέρα

251 2474 405 2540 άλλοισιν
428 2477 524 2560 ἄλλα,
548 2474 603 2540 καὶ
627 2477 857 2560 διεστοιχίζετο

251 2579 371 2666 ἀρχην,
394 2585 525 2668 βροτῶν
548 2579 585 2647 δὲ
607 2594 674 2648 τῶν
696 2583 913 2667 ταλαιπώρων
935 2584 1037 2665 λόγον

252 2686 315 2752 οὐκ
337 2684 433 2772 ἔσχεν
455 2686 581 2773 οὐδέν’,
605 2687 675 2753 ἀλλ’
703 2687 865 2766 ἀιστώσας
887 2685 984 2772 γένος
1121 2704 1158 2754 40

253 2793 290 2857 τὸ
313 2803 382 2859 πᾶν
404 2792 538 2881 ἐχρηζεν
561 2796 641 2860 άλλο
665 2803 802 2878 φιτῦσαι
826 2793 912 2860 νέον.

250 2900 307 2965 καὶ
329 2911 438 2966 τοῖσιν
460 2900 571 2978 οὐδεὶς
594 2900 766 2986 ἀντέβαινε
788 2902 875 2985 πλὴν
897 2899 987 2985 ἐμοῦ.

254 3004 317 3089 ἐγὼ
342 3005 372 3070 δ’
394 3005 564 3092 έτόλμησ’·
588 3006 790 3091 ἐξελυσάμην
812 3009 953 3093 βροτοὺς

251 3113 290 3176 τὸ
313 3113 357 3196 μὴ
381 3112 658 3200 διαρραισθέντας
680 3115 727 3192 είς
742 3112 853 3179 Ἅιδου
876 3117 999 3196 μολεῖν.

251 3226 297 3306 τῷ
316 3243 367 3284 τοι
390 3221 537 3286 τοιαῖσδε
559 3230 739 3306 πημοναῖσι
762 3221 961 3304 κάμπτομαι,
1121 3234 1157 3284 45

250 3326 390 3410 πάσχειν
407 3323 469 3408 μὲν
487 3326 707 3412 ἀλγειναῖσιν,
726 3328 909 3412 οἰκτραῖσιν
928 3323 958 3391 δ’
982 3327 1079 3392 ἰδεῖν·

251 3434 399 3515 θνητοὺς
418 3432 448 3497 δ’
471 3433 507 3498 έν
526 3440 624 3522 οίκτρι
643 3433 784 3515 θέμενος
802 3428 859 3497 εἶτ’
883 3437 995 3498 οίκτου
1013 3441 1127 3517 τυχεῖν

252 3537 315 3602 οὐκ
337 3536 485 3623 ἠξιώθην
509 3540 620 3623 αὐτός,
644 3539 727 3604 ἀλλὰ
749 3544 873 3623 νηλεῶς
