2668 3994
508 141 543 190 11.
562 139 810 190 ΒΑΚΧΤΛΙΔΗΣ.

358 308 494 366 θνατῶν
517 295 573 383 ἦν,
597 301 748 385 Κρονίδα
772 301 920 364 Λυταίου

360 409 569 492 σεισίχθονος
590 405 715 482 τέκος·Ι

313 523 380 578 σῦν
402 511 430 577 τ’
458 512 681 598 ἀνδροκτόνον
704 510 741 576 ε’ν
763 512 882 588 νάπαις

315 623 555 705 Κρεμμυῶνος,
579 617 769 683 ἀτάσθαλόν
791 641 827 682 τε

359 728 516 812 Σκίρωνα
538 724 747 790 κατέκτανεν·

314 834 375 898 τάν
398 855 432 897 τε
456 835 647 918 Κερκυόνος
669 820 875 917 παλαίστραν

358 936 466 1023 ἔσχεν·
490 939 732 1022 Πολυπήμονός
753 961 789 1001 τε
811 937 974 1023 καρτερὰν

315 1053 450 1131 σφῦραν
473 1043 625 1128 ἐξέβαλεν
647 1046 777 1128 Προκό-

359 1172 456 1234 πτας,
480 1149 631 1237 ἀρείονος
652 1150 763 1234 τυχῶν

315 1260 433 1342 φωτός.
455 1266 558 1322 ταῦτα
582 1254 703 1341 δέδοιχ’
731 1256 796 1343 ὅπᾳ
818 1260 965 1322 τελεῖται.

219 1362 290 1430 ΧΟ.
320 1366 401 1429 Τίνα
425 1361 455 1428 δ’
482 1366 582 1446 ἔμμεν
603 1364 711 1428 πόθεν
734 1363 841 1447 ἀνδρα
863 1372 983 1428 τοῦτον

359 1470 461 1554 λέγει,
485 1473 559 1535 τίνα
582 1492 616 1534 τε
640 1470 762 1534 στολὰν
784 1471 914 1553 ἔχοντα;

315 1579 436 1663 πότερα
459 1579 523 1642 σὺν
545 1578 737 1660 πολεμηίοις
760 1576 793 1640 ὅ-

358 1687 471 1748 πλοισι
494 1683 650 1767 στρατιάν
673 1683 796 1765 ἄγοντα
818 1682 960 1766 πολλάν,

315 1789 336 1873 ἢ
359 1791 486 1872 μοῦνόν
508 1788 536 1853 τ’
564 1789 711 1854 ἀνοπλόν
732 1786 770 1853 τέ
790 1813 847 1854 νιν

360 1899 514 1980 στείχειν,
536 1893 683 1980 ἔμπορον
706 1885 748 1959 οἷ’
775 1893 914 1979 ἀλάταν,

359 2001 409 2067 ἐπ’
437 2001 654 2086 ἀλλοδαμίαν,

317 2110 457 2195 ἰσχυρόν
479 2132 514 2176 τε
537 2108 591 2173 καὶ
615 2110 754 2191 ἀλκιμον

314 2209 380 2280 ὧδε
402 2214 457 2279 καὶ
480 2216 628 2300 θρασύν,
652 2214 689 2292 ὃς
711 2215 881 2280 τοσούτων

201 2405 204 2410 1
361 2321 495 2406 ἀνδρῶν
517 2322 677 2406 κρατερὸν
701 2319 822 2397 σθένος

316 2429 425 2512 ἔσχεν;
447 2423 468 2510 ἦ
491 2428 571 2504 θεὸς
594 2418 703 2494 αὐτὸν
719 2427 819 2513 ὁρμᾷ,

360 2535 453 2610 δίκας
475 2532 641 2599 ἀδίκοισιν
663 2536 752 2618 όφρα
773 2536 922 2617 μήσεται·

316 2640 356 2706 οὐ
379 2642 442 2726 γὰρ
466 2637 585 2727 ῥοίδιον
608 2641 679 2705 αἰὲν
703 2643 754 2726 ἔρ·
1012 2629 1019 2637 ”

360 2747 461 2811 δοντα
484 2747 527 2830 μὴ
547 2745 693 2830 ’ντυχελν
715 2754 813 2832 κακῷ.

315 2851 410 2917 πάντ’
436 2852 473 2918 ἐν
496 2861 541 2942 τῶ
561 2854 682 2941 δολιχῷ
701 2851 818 2939 χρόνῳΙ
832 2857 983 2918 τελεῖται.
1131 2867 1166 2917 45

207 2956 290 3024 AIF.
318 2959 391 3024 Δύο
416 2960 448 3024 οἱ
471 2970 560 3043 φῶτε
582 2962 705 3043 μόνους
727 2959 885 3044 ἁμαρτεῖν
1067 2971 1167 3042 (καί.

361 3064 462 3149 λέγει,
485 3067 560 3152 περὶ
583 3067 771 3150 φαιδίμοισι
795 3063 824 3129 δ’
848 3066 947 3147 ῶμοις

316 3170 411 3256 ξίφος
434 3175 520 3256 ἔχειν
543 3171 830 3255 ἐλεφαντόκωπον,

360 3277 493 3356 ξεστοὺς
516 3280 553 3344 δὲ
576 3277 628 3344 δυ’
655 3278 693 3345 ἐν
715 3276 841 3365 χέρεσσ’
868 3279 1017 3355 ἄκοντας

315 3386 499 3469 κηῦτυκτον
521 3384 645 3450 κυνέαν
669 3387 789 3450 Λοίκαι-
1132 3399 1168 3449 50

360 3517 424 3558 ναν
446 3494 563 3578 κρατὸς
587 3492 661 3572 πέρι
685 3495 923 3580 πυρσοχαίτου,
